4658 6508
548 1290 616 1352 936
772 1198 856 1294 †ln
873 1199 1005 1271 nomine
1022 1197 1148 1272 domini
1162 1199 1214 1270 dei
1231 1197 1398 1270 salvatoris
1413 1197 1516 1268 nostri
1541 1197 1635 1268 ihesu
1651 1195 1764 1267 christi
1788 1195 1966 1290 imperante
1990 1195 2106 1267 domi-

622 1330 630 1348 '
678 1351 722 1400 no
746 1339 857 1399 nostro
882 1328 1090 1400 Constantino
1122 1327 1355 1421 porfirogenito
1377 1349 1497 1420 magno
1520 1326 1715 1421 imperatore
1739 1349 1822 1398 onoc
1848 1326 1994 1395 oiccsirm
2019 1347 2103 1394 trono

678 1455 734 1526 sed
758 1463 791 1524 et
812 1475 949 1524 romano
971 1474 1092 1546 magno
1116 1451 1311 1546 imperatore
1336 1475 1422 1522 anno
1445 1460 1537 1522 sexto
1568 1451 1696 1524 decimo
1722 1449 1775 1523 die
1782 1497 1984 1521 .........
1991 1451 2102 1520 aeuo

677 1580 859 1655 nobembrii
899 1579 1074 1650 indictione
1112 1579 1236 1651 decima
1276 1577 1402 1672 neapoli
1438 1579 1569 1649 Certum
1608 1588 1656 1649 est
1696 1601 1756 1648 nos
1795 1576 2002 1649 benedictum
2041 1576 2107 1644 ltu-

676 1710 781 1780 oailem
804 1712 983 1801 ipsemecum
1006 1708 1187 1778 monosterii
1221 1714 1408 1778 sanctorum
1431 1707 1529 1800 sergii
1553 1716 1586 1778 et
1616 1705 1731 1776 bacchi
1766 1705 1825 1798 qui
1859 1727 1948 1775 nunc
1971 1725 2107 1796 congre·

677 1839 770 1924 gatus
794 1841 842 1902 est
864 1833 899 1901 in
922 1829 1090 1900 viridiario
1119 1853 1185 1901 uno
1207 1852 1277 1901 eom
1301 1845 1411 1902 coacto
1446 1830 1698 1924 congregatione
1721 1827 1957 1900 monachorum
1980 1848 2110 1898 memo·

677 1956 739 2025 rati
763 1955 863 2026 sancti
885 1954 951 2025 mei
975 1953 1162 2025 monasterii
1185 1953 1244 2050 qui
1268 1953 1403 2024 inferius
1430 1976 1491 2047 pro
1518 1954 1606 2028 illius
1634 1953 1802 2026 firmitate.
1815 2001 1826 2023 .
1841 2003 1849 2021 .
1865 2003 1875 2020 .
1892 1951 2104 2044 subscripturi

678 2087 779 2150 sunt:
812 2077 841 2145 Α
875 2077 1015 2168 presenti
1049 2076 1103 2148 die
1127 2085 1160 2147 et
1194 2085 1339 2170 tempore
1374 2076 1616 2169 promptissima
1644 2079 1810 2148 voluntate
1841 2077 2047 2150 Commutavi
2077 2087 2110 2146 et

679 2201 794 2278 tradidi
833 2202 893 2273 tivi
927 2203 1050 2274 steiano
1078 2202 1222 2274 isalrrum
1260 2204 1320 2298 qui
1356 2225 1453 2296 super
1497 2228 1617 2275 nomen
1656 2227 1829 2296 sparanum
1868 2203 1937 2273 tilio
1977 2203 2110 2295 quidem

679 2330 813 2401 iohanni
836 2329 959 2402 hssabri
981 2334 1065 2402 idest
1092 2357 1156 2406 una
1180 2331 1267 2426 petia
1289 2342 1399 2402 nostra
1434 2335 1475 2404 de
1511 2344 1685 2427 terraque
1717 2351 1855 2402 vocatur
1893 2329 2108 2424 ponticitum:

681 2457 853 2530 constituta
885 2458 921 2528 in
951 2482 1103 2553 campum
1130 2460 1190 2554 qui
1218 2460 1405 2532 nominatur
1429 2462 1468 2533 de
1492 2471 1600 2532 sancta
1628 2461 1763 2535 iulianes
1798 2462 1834 2532 in
1857 2461 1931 2532 loco
1955 2432 2014 2556 qaii
2049 2483 2112 2553 ap-

682 2585 819 2678 pellatur
853 2586 1031 2658 caucilione
1065 2610 1142 2659 cum
1180 2587 1351 2660 introitum
1384 2611 1480 2661 suum
1515 2597 1548 2659 et
1579 2587 1731 2660 omnibus
1762 2589 1809 2660 eis
1846 2587 2108 2681 pertinentibus:

682 2713 775 2784 Unde
799 2711 882 2782 nihil
904 2712 1022 2786 exinde
1047 2712 1181 2805 aliquod
1206 2713 1361 2785 remansit
1374 2723 1430 2787 aut
1444 2715 1682 2786 reservavimus
1705 2737 1765 2786 nec
1781 2712 1816 2784 in
1842 2713 1980 2786 alienam
1997 2713 2113 2784 cuius-

683 2861 748 2930 que
788 2859 923 2929 persone
959 2840 1049 2932 quod
1087 2838 1170 2909 absit
1204 2838 1428 2912 commisimus
1457 2848 1514 2907 aut
1553 2836 1618 2907 iam
1653 2836 1892 2909 commictimus
1927 2845 2111 2930 potestate:

683 2962 861 3036 coherene
884 2963 946 3035 sivi
969 2964 1010 3034 ab
1034 2989 1101 3036 uno
1123 2965 1223 3038 latere
1250 2976 1337 3036 terra
1361 2968 1401 3038 de
1425 2965 1611 3037 hominibus
1636 2965 1774 3037 deloco
1798 2965 1856 3058 qui
1890 2963 2011 3034 dicitur
2046 2985 2113 3056 pa-

684 3091 815 3163 ritinulc
848 3101 881 3165 et
915 3094 955 3165 de
979 3092 1043 3164 alio
1066 3097 1166 3167 latere
1195 3094 1327 3166 coleret
1358 3102 1459 3164 terras
1494 3096 1552 3192 qui
1588 3092 1727 3185 pertinet
1751 3097 1793 3167 de
1815 3095 1950 3165 tundore
1974 3092 2015 3162 de
2039 3093 2116 3161 loco

685 3221 743 3312 qui
775 3219 953 3312 appellatur
983 3222 1168 3314 crispanum
1200 3221 1248 3316 (1)
1280 3221 1376 3297 sicuti
1399 3221 1485 3294 inter
1509 3246 1544 3292 se
1575 3222 1629 3292 via
1652 3222 1801 3292 extincte
1827 3229 1860 3291 et
1893 3221 1933 3292 de
1956 3239 2025 3290 uno
2051 3239 2116 3288 ca·

687 3343 753 3435 pite
780 3345 939 3436 quoheret
962 3353 1048 3416 terra
1069 3347 1228 3418 heredum
1251 3346 1376 3418 domini
1399 3345 1530 3418 tiverii:
1557 3357 1590 3418 et
1617 3373 1636 3417 a
1663 3369 1742 3420 vero
1769 3347 1833 3416 alio
1854 3346 1959 3440 capite
1985 3345 2116 3416 coheret

689 3475 774 3535 terra
797 3467 838 3536 de
861 3467 1047 3544 hominibus
1071 3469 1209 3548 deloco
1231 3469 1290 3566 qui
1313 3472 1501 3544 nominatur
1524 3471 1687 3544 rurciolo:
1714 3473 1762 3542 lta
1785 3475 1870 3548 uda
1901 3472 2042 3567 presenti
2063 3472 2117 3542 die

689 3603 720 3662 et
745 3594 893 3689 deinceps
908 3595 974 3668 inm
991 3597 1155 3668 nominata
1170 3607 1348 3675 memorata
1370 3601 1497 3694 integra
1520 3600 1605 3694 petia
1622 3603 1663 3676 de
1675 3609 1760 3671 terra
1776 3607 1886 3674 nostra
1901 3623 1966 3694 que
1981 3607 2116 3670 vocatur

689 3718 882 3810 ponticitum
905 3722 1079 3794 constituta
1101 3723 1137 3796 in
1158 3733 1340 3797 memorato
1363 3747 1482 3817 campo
1502 3723 1560 3819 qui
1584 3725 1769 3798 nominatur
1797 3727 1837 3798 de
1875 3735 1985 3797 naeu
2016 3722 2116 3797 iulia-

690 3865 746 3916 nes
769 3845 858 3942 quod
880 3854 929 3916 est
952 3846 987 3920 in
1010 3857 1190 3924 memorato
1213 3848 1285 3920 loco
1299 3848 1597 3930 caucilionemcum
1620 3851 1790 3928 introitum
1813 3873 1910 3924 suum
1942 3850 2116 3922 omnibuis-

690 3996 755 4066 que
778 3973 840 4046 sivi
863 3973 1098 4066 pcrtinentibus
1119 3977 1159 4046 de
1182 3995 1250 4070 quo
1264 3973 1347 4046 nihil
1370 3974 1463 4046 nohis
1483 3977 1600 4049 exinde
1623 3981 1778 4049 remansit
1801 3987 1858 4047 aut
1880 3978 2116 4048 reservavimus

691 4109 850 4192 quatenus
874 4115 905 4170 et
929 4123 986 4196 per
1011 4101 1211 4177 coherentias
1234 4101 1293 4176 tivi
1316 4101 1387 4180 illas
1412 4101 1572 4184 insinuavi
1595 4104 1679 4182 sicut
1702 4105 1850 4198 superius
1873 4103 1993 4198 legitur
2013 4127 2031 4171 a
2049 4127 2116 4173 no-

776 4593 821 4677 (1)
843 4593 871 4654 E
890 4593 984 4655 tribus
1005 4596 1115 4675 pagis,
1138 4611 1269 4674 quorum
1282 4595 1395 4662 mentio
1415 4596 1445 4654 in
1463 4592 1615 4676 praesenti
1631 4593 1809 4656 documento
1832 4587 1988 4662 occurrit,
2012 4604 2119 4666 nempe

698 4705 880 4785 Crispono,
915 4705 1098 4768 Potitianis
1129 4717 1160 4766 et
1192 4703 1372 4779 Rumiolo,
1397 4705 1512 4787 primus
1545 4699 1758 4764 tantummodo
1784 4699 1888 4761 adhuc
1919 4707 2002 4758 extat
2028 4715 2120 4778 prope

699 4819 877 4880 Gaioanum
889 4860 899 4894 ,
930 4819 1057 4902 Neapoli
1077 4837 1219 4900 passuum
1239 4837 1289 4881 sex
1310 4814 1370 4878 fere
1401 4815 1501 4878 millia
1521 4814 1650 4880 dissitus.
1669 4813 1815 4900 Reliquos
1838 4831 1910 4874 vero
1930 4809 2007 4870 duos
2024 4806 2123 4870 eidem

699 4931 850 5008 Crispum
870 4931 1054 5014 propinquos
1073 4929 1173 5009 sedate,
1189 4953 1227 4995 ex
1241 4949 1276 4990 eo
1296 4929 1466 5012 colligimus
1477 4973 1488 5007 ,
1509 4925 1592 5010 quod
1612 4924 1796 5011 praedium,
1819 4923 1857 4985 de
1878 4941 1940 5004 quo
1961 4937 2054 4984 sermo
2077 4933 2122 4983 cst

696 5040 727 5101 iu
746 5037 803 5100 hoc
823 5039 1021 5103 instrumento
1034 5084 1047 5110 ,
1066 5042 1162 5104 tribua
1183 5039 1274 5104 simul
1292 5039 1374 5103 hisce
1393 5039 1478 5121 pagis
1498 5033 1663 5099 finitimum
1686 5033 1807 5095 dicitur.
