4692 6512
878 664 1026 762 (crs)

935 957 975 1030 L.

340 1211 372 1306 †
395 1213 433 1285 ln
456 1209 589 1286 nomine
610 1207 735 1284 domini
758 1205 811 1282 dei
834 1203 1002 1280 salvatoris
1025 1203 1129 1280 nostri
1151 1204 1245 1280 ihesu
1260 1201 1375 1278 christi
1397 1202 1576 1301 imperante
1603 1203 1668 1278 do·
1738 1177 1792 1226 ‘¹¹¹'

243 1339 337 1411 mino
361 1347 474 1412 noenu
497 1337 707 1412 Constantino
741 1331 862 1430 magno
895 1329 1091 1428 imperatore
1123 1357 1208 1408 anno
1242 1333 1518 1431 quadragesimo:
1554 1341 1603 1408 set
1637 1343 1669 1406 et
1726 1283 1804 1346 947.

241 1491 381 1541 romano
401 1489 521 1564 magno
544 1467 739 1562 inperatore
764 1463 834 1536 eius
851 1461 920 1537 filio
944 1483 1029 1536 anno
1053 1464 1149 1536 tertio
1173 1463 1227 1536 dic
1249 1463 1411 1536 tricesima
1428 1457 1547 1536 mensis
1570 1470 1669 1535 octo-¹

244 1596 310 1666 brii
334 1595 511 1668 indictione
535 1604 626 1667 sexta
648 1591 787 1690 neapoli.
812 1589 946 1665 Certum
968 1601 1017 1665 est
1053 1613 1106 1664 me
1134 1587 1264 1686 petrum
1299 1585 1404 1666 filiurn
1436 1591 1570 1690 quidem
1604 1593 1671 1666 do-

244 1723 328 1824 mini
351 1719 508 1794 iohanni:
535 1746 554 1792 a
578 1721 718 1818 presenti
752 1719 805 1794 die
839 1717 1079 1814 promptissima
1110 1717 1277 1794 uoluntate
1312 1721 1399 1794 dono
1431 1731 1464 1795 et
1491 1721 1586 1793 uado
1612 1721 1671 1792 ribi

242 1851 338 1924 leone
374 1851 442 1923 filio
477 1849 612 1945 quidem
644 1849 712 1922 ursi
736 1847 873 1923 deloco
897 1849 956 1946 qui
984 1859 1120 1922 vocatur
1155 1849 1288 1920 mianaa
1326 1847 1409 1925 idest
1441 1849 1569 1947 integra
1604 1873 1670 1923 una

244 1976 366 2072 patiola
389 1985 477 2047 terra
499 1995 571 2048 mea
595 1997 661 2072 que
692 1983 828 2047 uocatur
861 1973 982 2048 viniole
1018 1975 1059 2048 ad
1088 1975 1294 2046 casacaldari.
1320 1973 1402 2071 [cum
1435 1971 1604 2047 arboribus
1638 1985 1672 2048 ot

243 2103 418 2175 introitum
441 2124 537 2176 suum
561 2112 594 2175 et
617 2101 769 2176 omnibus
785 2101 847 2174 siri
863 2101 1116 2198 pertinentibus:
1143 2105 1230 2176 unde
1254 2103 1337 2176 nihil
1362 2099 1445 2173 mihi
1470 2104 1587 2179 exinde
1611 2129 1670 2180 re-

242 2227 361 2300 mansit
384 2237 442 2299 aut
463 2225 656 2300 reservavi:
684 2226 857 2300 coherente
880 2225 942 2298 sivi
967 2225 1008 2297 ab
1031 2249 1096 2298 una
1111 2237 1203 2322 parte
1228 2227 1283 2300 via
1299 2227 1455 2322 publica:
1487 2241 1520 2302 et
1543 2231 1583 2303 de
1608 2231 1670 2302 alia

245 2363 337 2450 parte
361 2363 409 2427 est
432 2362 519 2425 terra
542 2375 608 2449 qua
633 2360 770 2424 uocatur
793 2352 978 2424 rasavidua.
1005 2352 1064 2446 qui
1087 2353 1227 2447 pertinet
1251 2351 1291 2425 de
1326 2361 1435 2424 sancta
1468 2353 1671 2450 neapolitana

244 2478 390 2551 ecclesia.
416 2502 435 2549 a
458 2497 539 2550 vero
563 2475 626 2547 alia
649 2485 740 2572 parte
764 2484 812 2550 est
836 2486 920 2549 terra
944 2474 1079 2547 iohanni
1108 2498 1215 2572 papa:
1253 2479 1300 2548 lta
1323 2488 1404 2550 uta
1435 2481 1581 2575 presenti
1616 2481 1669 2552 die

245 2615 278 2676 et
307 2604 458 2698 deinceps
481 2601 548 2674 iam
571 2600 736 2672 nominata
761 2599 887 2693 integra
903 2619 976 2671 una
999 2599 1118 2695 petiola
1143 2602 1184 2673 de
1220 2611 1305 2672 terra
1328 2624 1401 2675 mea
1436 2625 1502 2698 que
1534 2614 1670 2678 vocatur

246 2731 368 2804 viniole
393 2729 434 2802 ad
459 2727 653 2800 onsacaldari
677 2750 752 2798 cum
777 2727 947 2798 arboribus
972 2741 1005 2800 et
1030 2727 1202 2799 introitum
1225 2750 1321 2800 suum
1357 2739 1390 2800 et
1421 2729 1573 2804 omnibus
1606 2732 1670 2804 sivi

246 2852 493 2951 pertinentibus.
519 2852 606 2925 unde
628 2851 711 2923 nihil
734 2849 817 2921 mihi
841 2849 960 2922 exinde
991 2849 1144 2921 remansit
1169 2860 1226 2921 aut
1259 2854 1423 2926 reservavi
1455 2865 1614 2950 quatenus
1637 2869 1671 2931 et

243 3005 305 3078 per
328 2980 509 3054 nominatas
532 2978 734 3052 coherentias
768 2977 828 3050 tibi
852 3003 891 3050 ea
922 2979 1085 3050 insinuavi
1117 2979 1201 3052 sicut
1235 2981 1384 3076 superius
1414 2983 1534 3080 legitur
1566 3012 1584 3058 a
1616 3009 1670 3060 nte

243 3109 306 3182 tibi
331 3111 449 3182 donata
486 3115 519 3182 et
550 3107 666 3178 tradita
700 3105 735 3178 in
767 3116 822 3178 tua
858 3105 988 3200 tuisque
1023 3105 1196 3180 heredibus
1231 3111 1273 3180 sit
1306 3119 1496 3204 potestatem
1530 3115 1669 3212 qualiter

245 3239 363 3312 exinde
389 3239 495 3310 lacere
519 3234 717 3307 volueritis:
759 3245 792 3307 et
827 3257 933 3330 neque
957 3260 976 3305 a
999 3257 1053 3308 me
1076 3237 1243 3310 nominato
1277 3249 1370 3336 petro
1398 3265 1506 3340 neque
1534 3269 1553 3317 a
1588 3248 1668 3319 meis

241 3365 418 3442 heredibus
454 3363 508 3436 rel
539 3360 675 3434 anobis
711 3382 864 3458 prmum
898 3361 1077 3434 summissis
1115 3364 1206 3436 nullo
1234 3374 1381 3462 tempore
1409 3371 1526 3447 exinde
1552 3373 1669 3453 habeas

244 3517 450 3591 quacumque
474 3489 727 3589 requesitionem
751 3500 807 3563 aut
823 3488 969 3562 molestia
992 3499 1118 3564 butum
1134 3493 1194 3588 qui
1217 3517 1315 3590 supra
1335 3493 1388 3568 leo
1411 3522 1575 3598 quanrquo
1604 3507 1669 3579 tuis

245 3617 420 3694 heredibus
443 3641 502 3714 per
524 3617 652 3689 nullum
675 3616 810 3688 modum
830 3616 957 3688 nullum
985 3616 1152 3713 ingenium
1169 3617 1218 3714 (1)
1250 3619 1438 3719 nubemque
1462 3625 1668 3702 adinventum

245 3747 469 3821 occansionem
492 3771 511 3817 a
534 3756 677 3818 nuncet
701 3744 979 3839 inperpetuum:
1018 3745 1052 3818 si
1080 3757 1188 3818 autem
1223 3771 1286 3842 ogo
1310 3759 1366 3820 aut
1389 3749 1563 3827 heredibus
1587 3759 1668 3830 meis

245 3885 357 3946 contra
383 3871 467 3943 hanc
489 3869 670 3944 chartulam
694 3867 878 3941 donationis
913 3878 951 3940 ut
977 3892 1075 3964 super
1097 3869 1218 3964 legitur
1244 3872 1356 3947 venire
1378 3881 1669 3974 presumpserimus

243 4026 303 4098 per
328 3999 446 4097 quovis
468 3998 603 4070 modum
626 4006 684 4071 aut
706 3995 886 4069 summissis
909 3997 1055 4090 personis
1090 4007 1169 4070 tunc
1192 4001 1419 4096 componimus
1443 4006 1503 4080 tibi
1539 4011 1667 4108 tuisque

245 4133 420 4210 herodibus
454 4129 527 4201 auri
563 4129 682 4202 solidos
715 4151 773 4202 sex
797 4127 978 4224 bylinnteos
1014 4137 1047 4200 et
1075 4126 1136 4199 hee
1158 4130 1304 4204 chartula
1328 4135 1511 4210 donationis
1539 4152 1576 4211 ut
1607 4165 1669 4215 su-

245 4287 303 4358 pcr
327 4263 447 4359 legitur
470 4257 513 4330 sit
535 4261 686 4333 &mama
713 4255 868 4351 scriptam
891 4277 950 4351 per
982 4277 1115 4328 manum
1146 4259 1295 4332 anasbsii
1319 4261 1450 4334 curialis
1474 4289 1533 4361 per
1556 4273 1669 4344 nomi-

245 4397 320 4459 nata
343 4396 434 4460 sexta
457 4380 680 4477 indictione†

328 4704 374 4787 (ι)
395 4707 594 4785 Iugarium,
616 4701 700 4785 qaod
720 4715 751 4764 et
769 4699 851 4784 apud
871 4699 994 4762 Latinos
1014 4701 1088 4768 olim
1109 4726 1163 4789 pro
1184 4707 1269 4768 rebus
1293 4709 1409 4792 ingenio
1427 4710 1556 4774 inventis
1579 4732 1669 4774 usur-

250 4828 354 4896 patum
374 4813 464 4878 fuisse
483 4825 629 4876 testantur
650 4811 809 4896 exquisita
828 4811 960 4888 ingenia
979 4829 1150 4873 cuononem
1172 4836 1189 4875 a
1210 4815 1312 4879 Plinio
1331 4833 1497 4883 memorata
1517 4821 1666 4906 (Paneg.

247 4947 320 5006 cap.
333 4939 377 5008 49
390 4923 416 5008 ),
438 4925 507 4988 heio
527 4924 654 4989 denotat
672 4922 834 5002 fraudem,
855 4945 908 4989 seu
928 4921 1056 5004 dolum,
1079 4946 1172 5010 quem
1192 4929 1300 5010 ingenii
1320 4929 1488 4999 calliditate
1509 4935 1671 5020 quisquam

244 5035 332 5100 ordiri
351 5039 505 5122 potuisset.
