4658 6508
1311 612 1460 706 (108)

665 777 786 868 scripto
810 787 920 848 sancto
944 801 981 847 ac
1005 773 1185 849 venerabili
1208 781 1318 845 vestro
1332 768 1530 841 monasterio
1553 765 1755 859 posterisque
1776 758 1893 830 vestris
1916 763 2093 850 sanctaque

666 905 736 974 eius
750 906 960 998 congregatio
973 905 1175 998 presentibus
1191 912 1224 974 et
1238 901 1356 972 futuris
1370 900 1405 969 in
1420 897 1652 989 sempiternum
1663 912 1724 984 pro
1738 886 1969 980 redemptionis
1981 885 2089 954 anime

664 1051 757 1099 mee:
785 1030 869 1099 ldest
898 1030 1059 1123 integram
1088 1049 1220 1102 omnem
1249 1047 1356 1098 meam
1385 1019 1599 1093 hereditatem
1622 1025 1781 1112 mantum
1804 1012 1886 1084 mihi
1910 1012 2043 1082 obvenit
2069 1037 2088 1079 a

665 1152 800 1244 quidem
818 1157 1040 1248 suprascripto
1054 1154 1190 1226 domino
1201 1151 1337 1224 iohanni
1353 1145 1493 1243 genitori
1510 1165 1595 1215 meo.
1612 1140 1675 1210 hoc
1691 1149 1739 1210 est
1755 1138 1872 1208 domus
1897 1157 1953 1206 seu
1970 1134 2088 1205 hortua

667 1301 833 1374 quamque
859 1281 1016 1353 casalibus
1032 1305 1089 1354 seu
1105 1282 1200 1353 terris
1215 1277 1458 1350 sationabilibus
1474 1271 1647 1343 movilium
1662 1277 1694 1338 et
1719 1262 1937 1336 immovilium
1953 1282 2089 1354 seseque

663 1408 873 1479 moventibus
889 1410 971 1480 mibi
989 1411 1194 1504 pertinentes.
1210 1407 1244 1478 in
1260 1429 1328 1501 quo
1344 1405 1404 1476 hec
1421 1413 1495 1474 tunt
1509 1397 1709 1472 nominatiba
1722 1393 1954 1488 suprascriptas
1971 1391 2087 1462 domos

662 1553 750 1601 meas
768 1530 929 1604 hereditas
945 1536 986 1604 de
1002 1532 1089 1603 intus
1106 1532 1159 1603 vel
1175 1534 1254 1602 toris
1271 1531 1384 1600 domos
1407 1551 1465 1599 seu
1480 1525 1597 1595 casales
1621 1524 1689 1592 sire
1707 1521 1747 1590 de
1762 1540 1865 1588 massa
1882 1514 2010 1608 puplica
2026 1537 2085 1584 seu

663 1665 695 1721 et
721 1659 762 1726 de
785 1658 933 1749 planitias
950 1660 998 1752 (5)
1016 1682 1080 1728 una
1105 1681 1182 1728 cum
1199 1657 1320 1750 campis
1344 1654 1432 1725 silvis
1449 1651 1569 1722 montis
1586 1647 1678 1718 collis
1702 1645 1804 1716 silivis
1819 1644 1946 1738 pascuis
1969 1640 2085 1711 cesinis

661 1784 829 1852 castanetis
846 1785 1007 1876 quercetis
1022 1785 1148 1856 cultum
1159 1787 1213 1858 vel
1227 1785 1386 1856 incultum
1398 1803 1473 1851 cum
1485 1779 1655 1849 erroribus
1670 1773 1844 1847 fructiferis
1859 1771 1913 1842 vel
1928 1769 2084 1840 iulrncti-

658 2037 2085 2068 *W-

740 2180 839 2259 lpsam
861 2201 935 2242 vero
961 2182 1093 2243 insulam
1119 2182 1250 2243 aPlinio
1274 2197 1481 2264 nuncupatam
1503 2179 1590 2241 fuisse
1605 2179 1740 2240 Petram
1758 2174 1906 2236 fflrculis
1930 2170 2085 2253 proditum

658 2304 700 2351 cst
713 2313 729 2351 a
744 2290 930 2370 Pellegrinio
945 2293 1065 2374 (Della
1085 2297 1240 2374 Canrpan.
1250 2294 1341 2372 selim
1356 2293 1432 2354 disc.
1447 2297 1490 2354 Jt
1503 2311 1582 2371 pag.
1596 2292 1663 2350 320
1676 2289 1698 2366 ).
1718 2285 1912 2348 Inferioribus
1932 2283 1999 2344 dein
2019 2303 2084 2342 sae-

659 2402 737 2463 culis
758 2404 929 2485 appellitari
951 2409 1106 2468 consuevit
1121 2408 1234 2468 Insula
1254 2407 1448 2482 Buciliano,
1476 2425 1538 2486 quo
1554 2403 1672 2462 nominc
1692 2419 1757 2460 eam
1772 2412 1871 2458 nostra
1890 2397 1963 2458 haec
1986 2415 2084 2454 mem-

659 2513 751 2572 brana
772 2513 884 2584 donat,
905 2530 935 2575 et
955 2518 1070 2577 Insula
1090 2517 1255 2578 Robilioni
1265 2565 1274 2596 ,
1297 2519 1342 2577 uti
1364 2532 1488 2577 vocatur
1510 2515 1542 2573 in
1558 2514 1634 2572 binis
1648 2509 1949 2591 Archiepiscoporum
1962 2528 2082 2570 surren-

658 2625 733 2684 tinae
754 2626 896 2688 ecclesiae
916 2627 1088 2709 diplomatis
1108 2628 1225 2688 saeculo
1244 2630 1313 2688 ΧΠ.
1328 2627 1472 2701 conditis,
1494 2647 1570 2707 quae
1590 2623 1691 2685 attulit
1705 2621 1836 2682 Thomas
1851 2619 1989 2682 Milantes
2005 2619 2081 2701 (De

657 2737 743 2798 scau.
758 2739 878 2799 Eccles.
891 2751 922 2802 et
933 2743 1083 2821 Episcop.
1109 2739 1259 2802 dissertat.
1276 2744 1315 2800 V.
1334 2741 1355 2821 ).
1370 2741 1406 2800 ln
1421 2741 1478 2814 hac
1498 2759 1587 2820 porro
1610 2735 1707 2798 insula
1730 2748 1902 2796 extructum
1916 2736 2078 2816 antiquitus

656 2869 690 2908 ac
712 2850 859 2930 Deiparae
880 2849 1049 2912 deditntum
1067 2849 1126 2912 luit
1149 2854 1385 2918 monasterinm,
1410 2849 1494 2932 quod
1522 2850 1562 2910 ad
1588 2851 1820 2922 cisterciensem,
1847 2849 1907 2910 siue
1926 2846 2081 2909 florensem

656 2959 804 3020 Ordinem
819 2961 920 3042 prius,
935 2977 1034 3043 postea
1049 2984 1120 3025 vero
1139 2965 1195 3023 sub
1210 2964 1364 3024 Michaelis
1378 2962 1555 3042 Archangeli
1574 2963 1663 3023 titulo
1681 2960 1719 3022 ad
1735 2963 1894 3022 casinenses
1913 2961 2080 3020 coenobitas

656 3072 812 3150 pertinuit,
830 3086 864 3132 ut
878 3073 913 3134 P.
923 3074 1129 3135 Remondinus
1143 3089 1261 3135 testatur
1277 3074 1385 3156 (Ister.
1394 3073 1573 3133 Ecclesiast.
1583 3072 1617 3132 di
1626 3072 1715 3134 Nola
1725 3073 1746 3132 l.
1760 3077 1788 3134 I.
1801 3093 1826 3130 c.
1839 3071 1882 3129 58
1901 3091 1979 3149 pag.
1993 3069 2077 3142 346,

655 3197 686 3245 et
707 3184 837 3265 seqq.)
856 3186 905 3245 De
925 3187 1048 3266 pristina
1069 3203 1136 3249 tum
1156 3187 1300 3266 insulae,
1322 3203 1388 3248 tum
1409 3187 1577 3247 monasterii
1602 3183 1827 3266 amplitudine,
1848 3203 1924 3263 quae
1954 3181 2079 3242 subinde

654 3300 800 3370 evanuit,
831 3298 873 3356 ita
900 3296 1021 3359 locutus
1042 3313 1084 3361 cst
1104 3299 1248 3360 Milantes
1269 3298 1311 3378 (l.
1341 3297 1417 3379 c.):
1452 3297 1582 3376 Ampla
1609 3298 1708 3356 nimis
1738 3296 1815 3356 olim
1839 3292 1914 3366 fuit
1947 3293 2080 3354 laudata

654 3404 759 3465 Insula
778 3405 958 3483 Rubeliani,
980 3419 1016 3467 ut
1034 3428 1074 3467 ex
1095 3409 1157 3468 laec
1179 3408 1267 3468 bulla
1287 3409 1472 3477 innotescit,
1491 3419 1619 3488 eratque
1640 3404 1757 3465 ibidem
1778 3415 1959 3465 extructum
1982 3403 2082 3464 nobile

653 3519 854 3578 Asceten'um
879 3518 1014 3579 Ordinis
1035 3523 1065 3578 S.
1080 3520 1266 3590 Benedicti,
1289 3521 1345 3579 eui
1365 3532 1442 3579 tunc
1461 3519 1568 3598 plures
1586 3530 1675 3579 erant
1695 3517 1838 3578 adiectae
1864 3515 2078 3589 Ohedientioc,

651 3629 843 3706 Prioratus,
866 3630 933 3690 sice
953 3632 1050 3690 etiam
1076 3631 1258 3704 Grnncirm,
1284 3629 1342 3689 sed
1359 3640 1535 3708 temporum
1556 3631 1688 3690 decursu
1709 3631 1810 3689 nimis
1828 3647 1866 3688 ea
1880 3626 1952 3701 suit
1975 3648 1996 3684 o
2008 3627 2079 3700 flu-

650 3737 750 3796 ctibns
763 3739 864 3797 maris
876 3741 986 3798 attrita
996 3761 1007 3807 ,·
1026 3741 1129 3800 solum
1147 3739 1194 3798 ihi
1213 3740 1307 3799 hodie
1328 3751 1372 3799 est
1390 3750 1566 3800 constructa
1588 3744 1698 3801 Turris
1716 3738 1763 3798 ad
1774 3739 1937 3798 mwtimen
1947 3781 1957 3816 ,
1981 3747 2077 3797 extat-

649 3871 711 3930 que
730 3852 819 3910 intus
838 3870 911 3911 cam
928 3855 1107 3913 Oraton'um
1127 3853 1163 3912 in
1176 3853 1329 3914 honorem
1351 3855 1556 3932 Archangeli
1575 3855 1747 3916 M'clieelis
1766 3862 1937 3912 anemium.
1963 3853 2078 3913 Verum

648 3984 725 4024 anno
748 3966 827 4035 1334
848 3966 1059 4024 monasterium
1082 3963 1163 4022 illud
1185 3964 1284 4026 adhuc
1305 3966 1434 4026 extitisse
1455 3981 1553 4047 paret,
1576 3982 1611 4026 ut
1633 3969 1826 4026 observatum
1845 3966 1904 4025 suit
1924 3964 2079 4025 aClaritio

649 4072 755 4154 (pag.
777 4073 850 4151 193,
872 4084 934 4133 not.
956 4070 1001 4159 (9)
1029 4076 1053 4153 ),
1076 4096 1114 4134 ex
1134 4074 1268 4135 eiusdem
1289 4079 1361 4136 anni
1381 4078 1520 4154 Regesne,
1543 4075 1627 4157 quod
1648 4075 1751 4158 palam
1771 4076 1846 4136 facit
1867 4075 2012 4136 Abbatem
2041 4095 2076 4136 ac

647 4187 827 4258 monachos,
850 4187 905 4265 qui
926 4199 1001 4248 tunc
1021 4190 1164 4268 temporis
1185 4189 1226 4247 ibi
1247 4187 1418 4266 degebant,
1441 4211 1458 4249 a
1479 4190 1560 4268 Rege
1572 4189 1703 4251 Roberto
1717 4191 1880 4269 flagitasse,
1899 4201 1933 4246 ut
1945 4188 1989 4248 sui
2005 4209 2077 4248 mo-

648 4302 772 4361 nasterii
793 4300 951 4360 animalia
972 4321 1010 4360 ex
1030 4303 1221 4362 concessione
1251 4302 1481 4362 catholicorum
1501 4307 1630 4382 Regum
1657 4315 1687 4363 et
1709 4304 1903 4383 Principum
1923 4323 1944 4362 α
1973 4305 2076 4380 longos

645 4420 726 4469 retro
746 4408 934 4488 temporibus
950 4407 1070 4486 facta,
1095 4408 1188 4469 libere
1208 4421 1237 4470 et
1256 4409 1374 4490 absque
1394 4411 1618 4490 impedimento
1637 4424 1797 4474 sumerent
1819 4433 1946 4492 pascua
1964 4414 1998 4472 in
2018 4432 2074 4470 ne-

646 4542 731 4582 more
753 4521 837 4584 Silue
858 4525 942 4583 male
963 4522 1042 4608 (qui
1064 4544 1144 4584 nunc
1165 4543 1258 4604 pagus
1279 4527 1383 4584 Bosco
1402 4535 1448 4583 tre
1463 4545 1533 4586 case
1546 4540 1739 4605 nuncupatur
1756 4533 1776 4604 J.

727 4631 774 4715 (5)
797 4633 930 4695 Vocibus
950 4636 1062 4694 Massa
1079 4633 1215 4713 publica
1234 4647 1264 4693 et
1277 4633 1434 4694 Planities
1449 4636 1479 4692 in
1500 4636 1646 4716 praesenti
1664 4635 1835 4697 membrana
1857 4633 2012 4696 denotatae
2028 4637 2072 4694 vi·

650 4745 758 4806 dentur
778 4745 864 4806 binae
897 4747 1006 4809 veteris
1036 4748 1192 4806 surrentini
1224 4747 1285 4826 agri
1306 4761 1428 4828 partes,
1456 4767 1534 4828 quae
1560 4750 1718 4810 recentiori
1749 4769 1825 4810 aevo
1849 4747 1971 4810 totidem
2003 4749 2072 4830 pagi

653 4872 826 4931 evaserunt,
847 4871 877 4919 et
897 4861 980 4938 prior
1000 4856 1187 4918 occidentem
1200 4877 1301 4917 versus
1318 4859 1411 4940 posita
1427 4857 1536 4919 Mauo
1552 4860 1691 4920 lubrenae
1708 4903 1717 4937 ,
1745 4859 1852 4941 altera,
1879 4879 1958 4942 quae
1972 4859 2073 4922 orien-

653 4984 713 5028 tem
733 4983 864 5050 apectat,
885 4973 990 5030 Piano
1010 4969 1045 5030 di
1063 4976 1208 5031 Surrento
1227 4970 1324 5052 vulgo
1343 4967 1433 5032 hodie
1454 4985 1658 5053 nuncupatur.
