4692 6512
875 647 1017 744 (ιω)

231 828 312 878 vero
337 805 372 878 in
395 807 469 878 loeo
492 806 551 901 qui
577 814 715 876 vocatur
737 804 917 880 caueilione
940 807 981 879 ad
1001 815 1148 880 sanetum
1176 807 1368 903 stephanum
1394 809 1496 880 massa
1520 808 1656 878 atellana

231 955 295 1004 una
324 953 400 1003 enm
426 931 598 1002 arvorihus
622 929 799 1004 fructiferis
827 931 881 1002 vel
915 932 1123 1006 inhuctiferis
1146 934 1243 1006 dmnl
1269 956 1345 1006 cum
1368 935 1514 1005 introitus
1544 955 1656 1006 earum

231 1056 449 1153 omnibusque
465 1057 511 1130 eis
526 1055 721 1152 generaliter
737 1055 984 1150 pertinentibus.
1001 1055 1181 1129 Ceherente
1207 1058 1268 1129 sivi
1285 1059 1487 1131 nominatum
1504 1081 1654 1152 campum

229 1185 295 1256 hah
320 1207 388 1258 uno
412 1186 512 1258 latere
536 1194 629 1280 parte
653 1185 787 1258 orientis
810 1194 898 1257 terra
920 1184 1078 1260 heredum
1101 1186 1226 1258 domini
1259 1187 1391 1260 iohanni
1421 1189 1555 1282 quidem
1578 1209 1656 1258 ma-

230 1311 342 1404 gnifici
365 1310 434 1382 filio
451 1310 576 1384 domini
592 1311 721 1382 romani
737 1311 902 1405 magnifici
925 1312 1022 1384 simul
1048 1323 1081 1384 et
1106 1321 1191 1382 terra
1209 1310 1365 1382 heredum
1383 1313 1514 1405 quidem
1530 1311 1656 1382 domini

230 1436 346 1508 cesarii
372 1435 441 1508 filio
465 1435 591 1508 domini
608 1432 752 1528 gregorii
767 1433 915 1526 prefecti:
942 1445 975 1506 et
990 1457 1033 1505 ex
1048 1434 1114 1506 alio
1130 1435 1231 1508 latere
1247 1449 1339 1530 parte
1354 1435 1552 1508 hoccidentis
1568 1447 1655 1507 terra

230 1561 421 1634 hominihus
444 1560 519 1632 inde
542 1561 650 1655 ipsum
674 1561 714 1630 de
738 1570 886 1631 sanctum
908 1559 1099 1654 stephanum
1116 1569 1148 1632 et
1175 1561 1216 1632 de
1239 1583 1306 1631 uno
1331 1561 1434 1655 capite
1458 1570 1549 1655 parte
1573 1585 1653 1653 sep·

229 1688 411 1760 temtrionis
434 1697 522 1760 terra
546 1688 679 1783 quidem
696 1688 821 1762 domini
845 1687 989 1784 gregorii
1013 1688 1177 1783 magnifici
1201 1689 1269 1760 lilio
1293 1689 1418 1762 domini
1435 1689 1553 1760 marini
1576 1713 1653 1758 ma-

227 1815 362 1908 gnificia
389 1817 431 1888 ad
455 1837 535 1887 vero
559 1815 624 1886 alio
647 1815 751 1910 eapite
779 1825 869 1911 parte
893 1814 1029 1886 meridie
1053 1825 1139 1888 terra
1170 1815 1329 1887 heredum
1364 1816 1496 1910 quidem
1530 1815 1652 1886 domini

226 1943 337 2015 tiberii
360 1942 478 2016 medici
502 1953 534 2016 et
557 1943 692 2038 prefecti
716 1943 814 2014 simul
837 1953 870 2014 et
894 1942 1057 2014 nominata
1086 1943 1225 2036 corrigia
1250 1966 1314 2036 que
1341 1953 1477 2013 vocatur
1500 1942 1652 2014 fossatel-

226 2071 297 2141 lum
320 2095 386 2165 que
409 2069 469 2139 tibi
493 2071 642 2163 superius
666 2069 946 2141 venumdedimus.
972 2079 1005 2140 et
1029 2069 1098 2163 ipsa
1122 2069 1242 2138 iterum
1271 2067 1367 2139 hahet
1398 2068 1438 2138 de
1466 2089 1533 2139 uno
1551 2069 1650 2140 latere

226 2207 318 2288 parte
341 2195 477 2268 meridie
502 2206 589 2266 terra
613 2197 653 2268 de
680 2195 729 2266 illi
752 2195 925 2268 rondinini.
950 2206 982 2269 et
1007 2197 1047 2268 de
1072 2195 1137 2266 alio
1164 2196 1263 2268 latere
1291 2205 1381 2290 parte
1412 2198 1652 2290 septemtrionis

225 2333 314 2394 terra
339 2345 381 2396 ex
405 2322 484 2417 ipsis
508 2322 695 2396 hominihus
719 2322 793 2396 inde
817 2323 926 2416 ipsum
951 2325 990 2394 de
1014 2334 1160 2396 sanetum
1177 2323 1378 2417 stephanum.
1403 2327 1443 2396 de
1461 2347 1528 2397 uno
1547 2325 1651 2417 capite

225 2461 314 2522 terra
337 2449 496 2522 heredum
521 2450 654 2544 quidem
683 2450 811 2522 romani
838 2448 1129 2543 cognominabatur
1166 2450 1418 2542 septemnaticas.
1449 2453 1499 2522 De
1533 2451 1652 2545 quibus

224 2577 308 2648 nihil
331 2576 427 2648 nohis
451 2601 493 2649 ex
517 2577 624 2671 ipsum
659 2599 811 2670 campum
846 2587 879 2646 et
914 2576 954 2647 de
983 2575 1148 2646 nominata
1176 2576 1317 2669 corrigia
1345 2577 1433 2649 intus
1463 2578 1646 2648 nominatas

223 2703 428 2776 coherentias
452 2705 586 2798 aliquod
608 2703 763 2776 remansit
787 2714 844 2772 ant
865 2701 1101 2773 reserbavimus
1124 2723 1183 2771 nee
1208 2701 1242 2770 in
1267 2703 1372 2774 aliena
1388 2725 1525 2798 persona
1549 2725 1650 2773 eom-

223 2832 374 2902 misimus
397 2841 565 2924 potestate:
592 2833 639 2900 lta
664 2839 701 2900 ut
716 2829 758 2898 ha
781 2841 916 2902 nuncet
933 2827 1083 2922 deinceps
1099 2828 1360 2924 prenominatum
1376 2828 1541 2922 integrum
1556 2851 1650 2898 carn-

223 2983 305 3052 pum
329 2966 478 3029 nostrum
501 2957 561 3052 qui
585 2968 722 3027 vocatur
746 2959 896 3028 fusanum
920 2979 983 3027 una
1009 2981 1085 3028 cum
1115 2957 1279 3027 nominata
1303 2959 1428 3051 integra
1452 2957 1592 3050 corrigia
1610 2961 1649 3032 de

222 3095 311 3154 terra
336 3091 445 3153 nostra
469 3105 534 3176 que
557 3091 694 3152 vocatur
716 3082 913 3152 fossatellum
931 3083 965 3152 in
986 3083 1101 3153 eodem
1117 3105 1267 3176 campum
1284 3083 1454 3154 coniuncta
1473 3083 1554 3154 iuris
1578 3109 1646 3154 no-

223 3209 340 3280 minati
372 3207 474 3279 sancti
511 3207 613 3277 nostri
638 3206 825 3278 monasterii
849 3207 953 3300 posita
977 3207 1011 3277 in
1035 3208 1106 3300 ipso
1129 3209 1203 3278 loeo
1227 3209 1406 3280 caueilione
1430 3213 1471 3282 ad
1496 3223 1646 3281 sanctum

223 3333 418 3427 stephanum
443 3353 548 3402 massa
575 3331 710 3402 atellana
742 3353 807 3401 una
838 3352 915 3400 cum
942 3331 1114 3402 cruoribus
1145 3331 1319 3402 fructiferis
1352 3333 1405 3403 vel
1435 3333 1647 3404 infructiferis

222 3459 322 3530 simul
346 3481 422 3530 eum
439 3457 588 3528 introitus
612 3479 725 3531 earum
749 3457 968 3552 omnibusque
991 3458 1038 3530 eis
1061 3459 1255 3552 generaliter
1277 3459 1533 3552 pertinentibus:
1563 3461 1646 3530 unde

224 3587 308 3658 nihil
331 3587 425 3658 nohis
451 3587 569 3659 exinde
604 3585 842 3657 reserhavimus
874 3585 1014 3680 qualiter
1046 3610 1105 3681 per
1136 3586 1317 3658 nominatas
1357 3589 1558 3660 coherentias
1589 3590 1647 3658 tibi

222 3713 372 3806 superius
396 3713 476 3785 illud
500 3711 745 3784 insinuavimus.
779 3719 827 3782 set
850 3709 885 3780 in
915 3709 1044 3803 integro
1075 3709 1159 3780 sicut
1191 3712 1339 3804 superius
1370 3711 1493 3805 legitur
1525 3713 1560 3782 in
1592 3723 1647 3783 tua

221 3844 354 3938 tuisque
378 3841 553 3914 heredibus
576 3841 639 3910 sint
655 3847 813 3934 potestate
846 3837 1006 3934 quidquid
1046 3837 1164 3912 exinde
1192 3842 1297 3911 facere
1334 3839 1503 3912 volueritis
1541 3841 1645 3912 libero

221 3969 359 4040 arbitrio
389 3968 422 4038 in
447 3967 599 4040 omnihus
635 3989 761 4060 semper
784 3965 927 4040 habeatis
951 3975 1135 4059 potestate:
1171 3976 1204 4038 et
1227 3987 1333 4060 neque
1366 3968 1502 4038 anobis
1530 3967 1645 4038 nomi-

221 4107 301 4168 nato
325 4095 495 4167 benedicto
519 4094 678 4164 humilem
703 4093 857 4186 igumeno
881 4115 1045 4163 unacum
1072 4091 1238 4162 nominata
1261 4101 1376 4163 cuneta
1397 4114 1471 4163 mea
1500 4115 1643 4186 congre-

223 4221 354 4312 gatione
378 4217 612 4289 monachorum
647 4215 806 4285 nominati
841 4217 942 4286 sancti
967 4215 1069 4286 nostri
1093 4215 1280 4286 monasterii
1310 4239 1416 4310 neque
1452 4241 1470 4286 a
1506 4222 1643 4311 posteris

222 4348 340 4418 nostris
364 4369 471 4441 neque
495 4369 513 4414 a
548 4344 717 4414 nominato
742 4355 853 4416 saneto
876 4354 908 4414 et
932 4342 1108 4414 venerabili
1138 4354 1249 4412 nostro
1278 4343 1477 4415 monasterio
1511 4347 1646 4440 eiusque

221 4809 323 4876 pateat
337 4817 372 4857 ex
388 4794 492 4857 iisdem
507 4794 654 4876 exemplis
669 4793 808 4874 aCangio
822 4791 923 4854 allatis
936 4837 945 4870 ,
969 4797 1083 4876 quippe
1097 4812 1176 4874 qnae
1192 4794 1245 4856 vel
1258 4815 1351 4873 sogae
1367 4797 1405 4856 de
1420 4797 1505 4856 corio
1518 4798 1646 4858 mentio-

221 4927 291 4969 nem
305 4907 436 4970 haheant
448 4950 457 4981 ,
480 4907 549 4966 hinc
570 4905 683 4966 factum
704 4925 803 4968 remur
815 4951 823 4982 ‚
844 4921 878 4966 ut
899 4907 962 4988 agri
985 4895 1109 4985 modus,
1131 4927 1221 4988 quem
1248 4905 1420 4968 huiusmodi
1441 4905 1510 4968 snare
1543 4912 1643 4970 metati

220 5021 364 5099 fuerant,
386 5020 526 5098 corrigia
545 5032 775 5100 nuncuparetur.
