4692 6512
882 635 1030 730 (aar)

244 793 308 866 sivi
332 790 524 886 generaliter
547 788 791 884 pertinentibus.
817 788 996 863 Coherente
1021 791 1083 861 sivi
1107 790 1170 862 hab
1194 814 1261 862 uno
1292 791 1392 862 latere
1416 799 1507 886 perta
1530 792 1665 866 orientis

246 925 335 988 terra
358 915 516 987 heredum
540 913 663 984 domini
686 913 835 986 iohannis
857 915 989 1009 quidem
1014 915 1148 1010 prefecti
1171 917 1269 988 simul
1297 925 1330 988 et
1353 925 1438 988 terra
1463 920 1503 992 de
1528 916 1575 988 illi
1598 919 1666 990 mi·

246 1040 410 1113 remundi.
436 1051 469 1112 et
493 1064 535 1112 ex
559 1040 623 1112 alio
646 1041 745 1114 latere
769 1055 859 1137 parte
883 1043 1081 1115 hoccidentis
1098 1055 1183 1115 terra
1206 1045 1309 1117 leonis
1317 1097 1516 1118 .........
1526 1057 1560 1119 et
1580 1055 1666 1118 terra

242 1169 406 1244 kutiniani
430 1171 526 1241 etde
550 1171 743 1264 unocapite
780 1180 870 1265 parte
902 1173 1130 1265 septentrionis
1161 1181 1246 1244 terra
1270 1175 1385 1264 mauri.
1417 1177 1457 1247 ad
1488 1199 1568 1248 vero
1603 1175 1666 1246 alio

240 1297 346 1392 capite
369 1305 461 1391 parte
485 1295 620 1369 meridie
644 1305 693 1368 est
723 1295 786 1366 alia
817 1306 903 1367 terra
926 1306 1035 1366 nostra
1059 1296 1154 1368 sicuti
1178 1296 1263 1368 inter
1288 1319 1322 1368 se
1352 1299 1470 1368 definat
1500 1301 1554 1371 via
1578 1303 1667 1372 anti-

241 1446 307 1518 qua
331 1423 390 1516 qui
415 1421 534 1493 dicitur
558 1443 738 1491 arenarum.
763 1421 813 1491 De
836 1443 902 1513 qua
915 1419 1007 1490 ‘nihil
1031 1421 1124 1492 nobis
1148 1423 1235 1494 intus
1258 1425 1437 1496 nominatas
1467 1427 1666 1500 coherentias

241 1549 374 1642 aliquod
397 1545 551 1617 remansit
575 1553 632 1614 aut
655 1545 893 1620 reserbavimus
916 1572 975 1620 nec
998 1550 1032 1620 in
1065 1550 1168 1624 aliena
1189 1574 1325 1645 persona
1357 1556 1576 1626 commisimus
1599 1581 1666 1650 po-

240 1683 386 1745 testatem
418 1672 463 1742 ita
491 1681 528 1742 ut
550 1670 594 1741 ha
617 1694 703 1743 nunc
727 1683 760 1742 et
792 1673 940 1768 deinceps
975 1681 1198 1768 prenominata
1232 1677 1357 1771 integra
1381 1681 1468 1773 petia
1492 1692 1600 1752 nostra
1625 1686 1665 1755 de

239 1812 327 1872 terra
350 1825 434 1896 quae
458 1811 594 1870 vocatur
618 1810 747 1894 pratora
773 1802 858 1872 unde
881 1803 970 1873 vadit
999 1806 1053 1875 via
1087 1807 1147 1876 sita
1182 1806 1217 1876 in
1253 1807 1368 1877 eodem
1400 1809 1473 1878 loco
1506 1810 1665 1902 pumilia-

242 1941 324 1998 nunt
347 1949 424 1995 cum
448 1925 619 1996 erroribus
655 1935 688 1996 et
727 1925 897 1997 introitum
921 1950 1017 1996 suum
1041 1929 1257 2023 omnibusque
1281 1931 1344 2002 sivi
1368 1933 1559 2024 generaliter
1583 1957 1665 2026 per-

242 2051 419 2123 tinentibus
443 2053 529 2122 unde
552 2049 635 2121 nihil
658 2052 752 2123 nobis
789 2053 907 2124 exinde
939 2053 1174 2125 reserbavimus
1206 2063 1365 2148 quatenus
1396 2079 1454 2147 per
1483 2059 1663 2128 nominatas

240 2179 443 2250 coherentias
467 2179 562 2250 vobis
586 2205 624 2252 ea
647 2180 882 2252 insinuavimus
906 2193 954 2252 set
977 2181 1012 2252 iu
1045 2182 1173 2277 integro
1203 2182 1286 2253 sicut
1317 2184 1464 2275 superius
1492 2185 1614 2278 legitur
1646 2211 1664 2255 a

238 2306 333 2376 nobis
359 2305 453 2376 vobis
478 2305 541 2376 sint
567 2315 765 2376 commutata
788 2315 821 2377 et
844 2305 963 2376 tradita
987 2306 1021 2376 in
1046 2315 1100 2377 tua
1115 2307 1316 2400 posterisque
1340 2309 1403 2378 tuis
1431 2309 1664 2404 nominatoque

237 2446 349 2508 vestro
374 2436 570 2510 monasterio
593 2437 657 2506 sint
680 2441 837 2528 potestate
870 2434 1030 2526 quidquid
1066 2434 1183 2506 exinde
1204 2413 1322 2508 'facere
1359 2435 1528 2508 volueritis
1563 2435 1664 2510 libera

234 2587 365 2658 semper
399 2563 552 2636 habeatis.
578 2572 610 2636 et
642 2587 792 2658 nequea
827 2561 920 2631 nobis
944 2561 1112 2631 nominato
1146 2561 1254 2655 sergio
1288 2573 1321 2634 et
1344 2563 1501 2657 stephano
1526 2565 1665 2634 exadel-

235 2689 277 2760 fis
301 2690 446 2782 cognatis
469 2712 577 2782 neque
601 2713 620 2756 a
644 2686 762 2756 nostris
786 2684 958 2755 heredibus
981 2709 1042 2756 uec
1066 2686 1195 2756 anobis
1215 2686 1394 2757 summissis
1409 2687 1556 2780 personis
1574 2689 1664 2760 ntdlo

234 2825 384 2907 tempore
402 2812 519 2884 exinde
543 2809 688 2882 babeatis
712 2808 884 2903 aliquando
902 2831 1107 2904 quacumque
1123 2811 1341 2904 requesitione
1363 2818 1420 2880 aut
1436 2811 1582 2883 molestia
1597 2824 1662 2886 tant

234 2960 298 3007 vos
322 2935 381 3030 qui
405 2958 503 3029 supra
526 2934 658 3005 domino
682 2933 853 3006 benedicto
878 2933 1055 3004 venerabili
1079 2933 1233 3026 igumeno
1258 2957 1421 3030 quamque
1451 2937 1587 3028 posteris
1602 2961 1661 3009 ve-

235 3061 312 3132 stris
335 3083 395 3130 nee
418 3060 603 3131 nominatus
637 3067 766 3130 sauctus
791 3067 823 3130 et
845 3054 1039 3128 venerabilis
1074 3065 1180 3126 vester
1209 3058 1422 3128 monasterius
1445 3082 1504 3152 per
1534 3059 1662 3132 nullum

239 3187 555 3261 modumhanunc
579 3185 668 3258 etin
693 3183 856 3278 perpetuis
880 3181 1093 3275 temporibus.
1129 3183 1265 3277 lnsuper
1298 3184 1387 3254 omui
1420 3194 1568 3278 tempore
1603 3207 1662 3256 nos

241 3326 276 3390 et
298 3314 434 3387 heredes
457 3315 577 3386 nostris
601 3312 694 3383 vobis
717 3311 920 3406 posterisque
943 3311 1059 3380 vestris
1082 3323 1258 3405 sanctoque
1286 3312 1453 3382 nominato
1470 3324 1578 3383 vestro
1596 3337 1664 3385 rno-

234 3439 377 3512 nasterio
401 3437 518 3511 exinde
543 3438 583 3509 ab
607 3436 713 3508 omnis
737 3435 886 3506 homines
917 3434 1074 3527 omnique
1102 3457 1238 3526 persona
1262 3434 1296 3504 in
1328 3435 1480 3505 omnibus
1508 3446 1664 3508 antestare

236 3579 270 3638 et
296 3569 459 3639 defensare
482 3561 702 3659 promittimus
725 3560 760 3630 in
786 3567 992 3654 perpetuum.
1018 3571 1151 3652 propter
1175 3563 1266 3654 quod
1282 3563 1322 3633 ad
1341 3563 1448 3632 vicem
1465 3563 1499 3632 in
1516 3586 1666 3634 commu-

236 3693 369 3763 tationis
394 3687 743 3782 recompesationisque
767 3685 949 3776 accepimus
973 3706 992 3751 a
1016 3681 1109 3753 vobis
1133 3692 1164 3755 et
1188 3708 1208 3752 a
1235 3692 1351 3753 cuncta
1378 3685 1664 3778 congregationem

234 3815 473 3889 monachorum
496 3810 652 3884 nominati
676 3809 777 3880 sancti
803 3806 903 3880 vestri
925 3807 1112 3878 monasterii
1129 3806 1193 3877 hoc
1220 3818 1268 3881 est
1296 3809 1421 3901 integra
1439 3832 1503 3880 una
1520 3811 1605 3904 petia
1622 3813 1662 3883 de

235 3957 323 4018 terra
339 3943 420 4016 iuris
437 3944 530 4012 vestri
544 3939 724 4012 monosterii
738 3938 841 4030 posito
861 3935 907 4006 ibi
922 3935 1029 4030 ipsum
1046 3937 1080 4006 in
1096 3943 1226 4030 pratora
1242 3958 1318 4006 cum
1337 3936 1470 4007 introito
1485 3961 1545 4008 suo
1561 3939 1665 4010 omni-

242 4157 1662 4196 ..Μ

236 4302 369 4382 ptionem
390 4294 525 4379 proderit
543 4291 696 4356 consulere
715 4289 795 4374 apud
816 4287 956 4351 eumdem
976 4287 1172 4349 lastinianum
1194 4285 1239 4367 (t.
1259 4306 1287 4347 c.
1302 4283 1325 4366 ).
1345 4291 1430 4348 Anno
1458 4290 1535 4362 1840
1555 4289 1664 4374 prodiit

238 4412 276 4474 de
298 4411 402 4476 eodem
424 4406 617 4490 aquaeductu
631 4402 813 4490 opusculum
835 4400 1020 4486 neapolitani
1040 4399 1191 4462 architecti
1210 4398 1338 4460 Abbatis
1349 4445 1360 4479 ,
1382 4399 1435 4480 qui
1456 4399 1576 4463 Licterii
1597 4424 1664 4464 aen-

237 4523 346 4583 tentiae
366 4517 566 4602 adstipulatus
586 4514 854 4601 praeclarissimum
884 4511 944 4572 boe
969 4510 1152 4590 antiquitatis
1182 4523 1413 4571 mouumentum
1443 4511 1664 4574 instaurandum

239 4629 361 4696 censuit.
383 4624 591 4690 luficiandum
611 4637 711 4686 tamen
731 4641 793 4682 non
813 4634 857 4683 est
875 4616 1110 4700 magnitudinem
1131 4618 1355 4701 impensarum,
1384 4639 1460 4700 quas
1474 4619 1535 4682 eiua
1549 4621 1664 4681 instau-

238 4747 313 4808 ratio
327 4742 500 4827 flagitaret,
523 4737 788 4823 locupletissimum
802 4733 945 4816 quodque
966 4733 1111 4795 aerarium
1127 4731 1294 4811 deterrere;
1314 4753 1368 4793 nec
1389 4753 1478 4815 porro
1495 4732 1663 4816 plurimum

238 4857 374 4932 utilitatis
393 4860 425 4920 in
445 4853 650 4938 neapolitanos
678 4850 758 4913 cives
778 4846 848 4910 indo
869 4843 1069 4921 redundaret,
1090 4843 1347 4928 quemadmodum
1369 4845 1548 4929 neapolitani
1569 4851 1662 4912 luris-

241 4967 375 5036 contulti
394 4967 486 5030 lattae
507 4959 779 5028 animadversiones
798 4958 829 5020 iu
848 4955 971 5020 Abbatis
991 4955 1171 5038 opusculum
1193 4955 1297 5038 palam
1316 4955 1436 5018 faciunt
