4616 6532
903 643 1023 740 (23)

346 801 417 896 Ego
440 803 652 895 hlarquardus
676 801 850 894 primarius
870 799 919 896 (8)
944 799 1034 872 curie
1057 799 1131 869 uius
1155 797 1293 870 civitatis
1316 797 1460 892 neapolis
1475 805 1548 890 post
1565 799 1677 868 delun·

250 931 395 1008 ctionem
417 915 672 1003 memoratorum
695 929 796 998 trium
820 927 951 1000 testium
986 933 1019 998 et
1050 945 1123 1022 post
1147 926 1385 998 defunctionem
1410 927 1579 998 memorati
1605 950 1677 1017 gre-

251 1057 339 1151 gorii
371 1058 502 1128 curialis
527 1058 584 1151 qui
607 1079 669 1149 pro
693 1054 800 1126 dabina
824 1055 992 1126 horatione
1017 1077 1074 1124 sue
1110 1053 1224 1122 mortis
1253 1077 1317 1146 que
1351 1077 1425 1123 eum
1449 1053 1677 1146 preoccupahit

251 1207 353 1252 naauu
377 1183 441 1252 mei
465 1182 548 1251 hanc
570 1179 750 1249 chartulam
773 1179 937 1272 complere
961 1177 1126 1247 concurrit
1149 1177 1290 1268 ideoque
1310 1199 1372 1269 ego
1386 1178 1562 1247 seeundum
1580 1201 1675 1246 usum

252 1312 327 1380 uius
351 1310 489 1380 civitatis
518 1308 679 1401 complevi
704 1317 735 1380 et
759 1309 883 1378 absolvi
907 1309 941 1380 in
974 1333 1012 1380 ea
1054 1307 1169 1398 inqua
1186 1307 1412 1376 modosumus
1436 1308 1677 1400 quartadecima

251 1437 441 1508 indictione.

248 2669 310 2709 esse
332 2647 466 2709 videtur.
485 2649 556 2724 Quo
576 2647 670 2730 magis
689 2646 720 2707 id
742 2646 926 2722 innotescat,
948 2667 985 2707 ac
1005 2647 1104 2708 cuivis
1124 2644 1160 2706 sit
1179 2645 1308 2708 facultas
1329 2648 1526 2730 comparandi
1546 2645 1674 2710 huiusce

249 2762 440 2822 membranae
455 2761 710 2841 subscriptiones,
732 2757 838 2841 quoad
857 2760 1029 2820 litterarum
1045 2759 1193 2836 formam,
1214 2779 1285 2819 cum
1304 2759 1497 2820 instrumento
1510 2761 1566 2822 snb
1586 2762 1674 2842 prin-

249 2866 353 2946 cipum
373 2863 634 2946 langobardorum
653 2863 774 2925 ditione
794 2865 987 2945 conscripto,
1017 2865 1100 2924 cuius
1120 2863 1270 2945 specimen
1292 2877 1374 2924 extat
1393 2865 1424 2924 in
1444 2864 1519 2928 Tab.
1540 2863 1565 2924 1.
1584 2886 1614 2924 n.
1638 2885 1674 2942 a,

248 2975 356 3035 harum
385 2995 505 3058 quoque
526 2975 771 3058 subscriptionum
791 2989 936 3059 ectypum
959 2975 1115 3038 exhibetur
1138 2975 1169 3036 in
1198 2973 1273 3034 Tab.
1294 2976 1332 3035 ll.
1352 2995 1381 3034 n.
1406 2994 1430 3035 r.
1455 2977 1523 3037 Hae
1549 2975 1675 3037 sortasse

248 3089 477 3167 comparatione
497 3087 561 3148 sore
577 3105 731 3167 speramus
742 3129 751 3160 ,
774 3099 809 3145 ut
824 3086 928 3164 quivis
947 3085 981 3144 in
1004 3099 1157 3166 posterum
1185 3083 1373 3146 Marchionis
1405 3083 1517 3145 Maffeii
1536 3085 1676 3166 adstipu-

250 3195 333 3255 letur
353 3196 518 3255 sententiae
535 3238 545 3270 ‚
581 3195 636 3274 qui
668 3191 894 3274 langobardum
920 3192 1001 3252 inter
1020 3205 1050 3252 et
1078 3190 1214 3252 latinum
1248 3190 1452 3252 characterem
1472 3191 1552 3251 nihil
1582 3192 1675 3272 quid-

249 3327 342 3388 quam
374 3307 553 3369 discriminis
576 3307 725 3388 agnovit,
750 3317 782 3364 et
812 3304 927 3365 idcirco
958 3303 1053 3384 priori
1082 3303 1235 3366 immerito
1265 3301 1355 3364 aliud
1385 3323 1403 3364 a
1432 3301 1533 3366 latino
1562 3323 1674 3366 nomen

249 3416 398 3478 adscitum
418 3417 548 3496 putavit.

328 3523 373 3605 (8)
396 3521 488 3604 Apud
508 3541 563 3583 nos
582 3521 659 3582 olim
681 3520 908 3604 spectatissimus
922 3521 1085 3584 curialium
1098 3520 1294 3603 redigebatur,
1308 3521 1363 3604 qui
1377 3520 1414 3582 ad
1428 3523 1588 3583 Pra‘maris'
1605 3543 1675 3604 gra-

249 3636 323 3696 dum
342 3633 533 3696 eveheretur.
547 3635 624 3696 Cum
643 3633 717 3695 huic
737 3631 901 3715 peculiaria
920 3631 1069 3715 quaedam
1089 3631 1226 3694 obeunda
1238 3631 1343 3693 munia
1363 3633 1569 3717 neapolitanae
1589 3637 1675 3704 Con·

249 3746 419 3809 suetudines
442 3745 683 3819 demandarent,
704 3745 777 3804 hinc
797 3743 888 3807 fiebat
901 3759 943 3805 -ut
962 3746 1024 3827 ipse
1044 3744 1174 3824 reliquis
1197 3747 1337 3806 onanibus
1358 3747 1555 3808 antecelleret
1574 3751 1675 3810 curia·

249 3860 342 3919 libus.
362 3859 408 3918 hb
429 3877 464 3919 eo
484 3858 662 3939 praesertim
686 3857 924 3919 absolvebantur
955 3859 1179 3933 instrumenta,
1212 3879 1291 3940 quae
1316 3855 1370 3919 alii
1389 3857 1517 3940 quidem
1544 3859 1674 3920 curiales

249 3971 490 4043 inchoaverant,
514 3984 611 4029 morte
631 3990 707 4031 vero
725 3970 875 4054 praerepti
899 3987 951 4028 sua
971 3969 1042 4050 ipsis
1062 3970 1189 4029 nomina
1211 3969 1393 4032 subscribere
1414 3971 1625 4052 nequiverant.
1640 3971 1674 4031 ld

248 4078 382 4138 muneris
402 4073 529 4159 quidem
557 4075 635 4135 obiit
662 4073 883 4156 nrarquardue
902 4076 1086 4136 Pn‘mart'ua
1110 4076 1143 4136 in
1168 4075 1250 4136 calce
1280 4079 1448 4160 praesentis
1476 4077 1672 4156 documenti,

249 4189 333 4272 quod
358 4205 428 4250 curn
449 4187 572 4249 sortasse
601 4188 641 4247 ad
674 4186 805 4248 iudicem
827 4187 1025 4248 deferendum
1055 4202 1149 4264 estet,
1180 4191 1315 4270 oportuit
1333 4204 1404 4251 uta
1430 4191 1594 4250 Primara'o
1619 4191 1675 4252 ab·

250 4303 445 4379 solveretur,
469 4299 616 4360 defuncto
637 4301 699 4361 iam
719 4300 783 4364 vita
805 4299 940 4377 curiali,
967 4301 1021 4382 qui
1043 4321 1129 4363 suum
1149 4299 1266 4362 ibidem
1286 4323 1397 4364 nornen
1411 4303 1597 4368 subscribere
1620 4307 1676 4370 de-

250 4412 371 4475 buisset.

328 4524 365 4584 ln
399 4523 544 4606 praesenti
566 4535 668 4582 nostra
690 4517 861 4581 membrana
887 4540 950 4580 non
976 4519 1068 4580 modo
1089 4519 1273 4598 character,
1301 4541 1364 4604 quo
1386 4524 1574 4585 Pn'mart'us
1599 4529 1674 4587 sub-

248 4636 380 4717 scripsit,
400 4650 446 4696 est
466 4634 610 4696 recentior
630 4629 688 4690 illo
699 4675 708 4706 ,
731 4648 794 4710 qno
814 4631 1050 4690 instrumentum
1071 4629 1170 4711 ipsum
1188 4631 1248 4690 iarn
1267 4648 1446 4696 exaraverat
1460 4635 1599 4710 curialis,
1622 4637 1673 4697 sed

249 4745 339 4805 etiam
359 4757 469 4821 testes,
500 4744 555 4824 qui
581 4754 673 4800 antea
692 4738 861 4799 contractui
894 4736 1080 4816 adsuerant,
1109 4760 1125 4800 e
1156 4739 1223 4804 vita
1243 4743 1390 4803 recessisse
1411 4742 1570 4824 dicuntur.
1594 4747 1676 4808 llinc

250 4870 331 4918 recte
355 4857 471 4918 eruitur
491 4853 666 4916 absolutum
687 4873 704 4912 a
723 4851 889 4912 Primara'o
904 4849 996 4914 faisse
1017 4853 1249 4916 instrumentum
1271 4853 1390 4936 aliquot
1411 4857 1500 4916 annis
1520 4872 1585 4939 post
1612 4861 1677 4940 pri-

251 4987 390 5030 maevam
413 4970 502 5047 ipaIus
521 4965 752 5028 coniectionem.
