4616 6532
1584 701 1677 761 -xt

251 838 321 923 illa
349 833 635 926 lucubratione
676 835 799 921 rebus
826 837 916 921 aliis
944 836 1119 940 amotis,
1149 837 1238 924 aliis
1268 869 1366 928 vero
1396 839 1532 928 eidem
1552 842 1674 928 addi-

251 983 315 1085 tis,
347 983 610 1094 praelucente
636 980 714 1066 sibi
745 1007 794 1065 ea
821 979 1034 1090 sapientia,
1057 1007 1166 1091 quae
1193 981 1477 1090 pulcherrimo
1495 987 1672 1098 quidem

249 1123 409 1208 lumine
437 1125 585 1210 nostris
612 1121 779 1231 affulget
807 1119 1100 1231 temporibus,
1144 1139 1185 1205 et
1213 1125 1422 1234 proposito
1461 1127 1537 1212 sibi
1579 1158 1673 1214 am-

250 1265 372 1377 pliori
401 1268 588 1379 quodam
627 1294 676 1350 ac
717 1263 986 1377 exploratiori
1028 1263 1176 1348 ordine
1219 1294 1311 1348 rem
1354 1295 1670 1380 quoquoversus

247 1409 545 1496 absolvendam
575 1409 746 1494 curarit.
779 1405 831 1494 Id
858 1407 1014 1494 verosi
1035 1436 1193 1494 necesse
1213 1440 1405 1522 unquam
1427 1413 1528 1518 luit,
1559 1445 1671 1502 nunc

246 1551 392 1666 procul
421 1550 552 1636 dubio
581 1550 875 1663 maximopere
903 1545 1166 1658 efflagitatur.
1198 1551 1276 1638 Ille
1312 1554 1423 1640 enim
1452 1555 1669 1644 historica·

246 1727 344 1782 rum
372 1725 515 1782 rerum
546 1693 711 1798 studia,
743 1723 854 1805 quae
884 1723 958 1806 per
977 1693 1198 1804 superiora
1227 1713 1419 1808 tempora
1448 1703 1666 1815 Europam

246 1853 542 1951 occuparunt,
573 1861 706 1944 usque
734 1831 840 1916 adeo
869 1849 1012 1918 nostro
1032 1829 1112 1916 hoc
1132 1862 1236 1917 aevo
1266 1836 1577 1942 increbuerunt,
1601 1857 1665 1944 ut,

245 1983 324 2064 nisi
353 2009 426 2062 nos
456 1975 562 2060 fallit
590 1977 770 2078 animus,
803 2003 1025 2085 nunquam
1058 1991 1197 2058 tantus
1217 1981 1486 2084 cognoscendi
1508 2004 1669 2094 praete-

244 2123 313 2206 riti
334 2121 533 2234 temporis
557 2144 678 2202 amor
698 2135 862 2199 mentes
878 2113 1099 2200 hominum
1130 2115 1423 2224 inflammarit,
1443 2152 1667 2235 nunquam
1768 2129 1774 2136 '

243 2271 462 2370 nationes,
493 2264 616 2351 urbes
633 2327 645 2368 ,
677 2289 726 2345 ac
754 2261 982 2372 municipia
1010 2289 1132 2345 suam
1167 2291 1360 2377 quaeque
1408 2285 1498 2352 tam
1536 2268 1665 2355 vehe-

241 2427 407 2496 menter
434 2406 682 2519 postularint
708 2403 926 2487 historiam
955 2403 1014 2486 ita
1057 2407 1370 2518 conscriptam,
1421 2426 1470 2492 ut
1509 2409 1664 2494 sabulis

239 2549 434 2636 omnihus
481 2549 661 2662 explosis
702 2576 822 2634 veras
850 2547 1183 2659 uniuscuiusque
1231 2579 1297 2635 res
1325 2571 1455 2660 gestas
1501 2553 1665 2667 patefe-

238 2698 356 2802 ciat,
387 2725 609 2810 nunquam
638 2695 822 2806 denique
849 2691 1173 2802 Palaeographia
1200 2696 1440 2783 uberiorem
1467 2717 1661 2786 veterum

234 2839 531 2954 diplomatum,
563 2871 611 2927 ac
639 2841 1014 2923 instrumentorum
1042 2858 1233 2947 segetem,
1266 2843 1512 2953 praesertim
1541 2843 1656 2956 apud

236 2982 389 3094 Anglos
405 3048 417 3088 ,
450 2986 683 3069 Germanos
704 2977 958 3086 Gallosque,
989 2979 1298 3066 concinnandae
1327 2981 1525 3068 historiae
1563 3015 1664 3098 sup-

236 3126 447 3242 peditarit.
488 3125 632 3227 Quare
662 3153 760 3207 cum
790 3139 902 3206 tanta
931 3121 1011 3204 hae
1040 3121 1083 3204 in
1111 3121 1306 3207 historica
1336 3125 1473 3208 studia
1498 3126 1663 3238 cupidi·

235 3289 321 3355 tate
339 3269 529 3354 homines
544 3265 833 3368 incendantur,
855 3283 894 3348 et
911 3264 1070 3376 ubique
1089 3263 1176 3347 lere
1196 3265 1381 3376 gentium
1402 3295 1486 3350 non
1507 3266 1657 3372 desint,

234 3413 309 3524 qui
337 3413 381 3496 in
410 3411 687 3495 vetustissima
715 3437 909 3520 quaeque
937 3406 1191 3493 documenta
1226 3407 1574 3521 interpretanda,
1611 3443 1660 3498 ac

234 3555 334 3637 iuris
362 3549 519 3664 publici
549 3549 737 3634 facienda
767 3547 1044 3652 incumbant,
1083 3575 1200 3658 aegre
1229 3547 1405 3662 quidem
1434 3551 1658 3638 ferendum

231 3692 413 3794 videtur,
435 3687 551 3804 quod
569 3693 649 3776 Ars
677 3687 1025 3799 Palaeographiae
1053 3717 1204 3801 parens
1224 3719 1272 3773 ac
1291 3690 1507 3799 magistra,
1531 3693 1653 3775 cuius

232 3828 415 3914 subsidio
443 3846 584 3911 vetera
612 3824 820 3908 sublestae
859 3821 956 3909 fidei
999 3842 1273 3908 monumenta
1306 3857 1332 3910 a
1361 3829 1472 3910 veris
1512 3828 1656 3912 discri-

232 3966 421 4067 minari,
460 3982 501 4044 et
528 3961 776 4046 inferiorum
803 3979 1044 4069 temporum
1072 3957 1271 4046 historiae
1298 3957 1573 4052 fundamenta
1594 3969 1657 4052 in-

230 4135 427 4192 concussa
455 4105 534 4190 iaci
561 4122 758 4218 possunt,
790 4130 925 4215 pauca
953 4099 1188 4189 admodum
1217 4134 1315 4188 suae
1344 4106 1456 4193 vitae
1504 4109 1656 4222 prodat

231 4247 421 4352 indicia,
463 4266 671 4364 tanquam
698 4243 894 4354 fulgura,
941 4273 1049 4357 quae
1092 4244 1203 4330 inter
1230 4245 1520 4332 recumbentes
1563 4272 1656 4362 post

230 4411 520 4508 tempestatem
550 4393 694 4480 oceani
722 4388 876 4476 fluctus
914 4408 1142 4476 coruscant.
1191 4391 1322 4504 Atqui
1350 4421 1434 4480 non
1463 4425 1578 4482 secus
1607 4431 1654 4486 ac

232 4538 493 4652 reliquarum
521 4537 713 4622 omnium
740 4533 1094 4648 disciplinarum,
1132 4567 1154 4619 e
1183 4537 1338 4647 quibus
1367 4539 1653 4628 emolumenta

232 4708 363 4793 quam
408 4680 597 4765 maxima
626 4675 868 4763 redundant
882 4739 895 4780 ,
935 4675 1049 4763 Artis
1076 4677 1381 4789 Diplomaticae
1423 4688 1655 4796 progressui

235 4820 470 4908 adlaborari
500 4841 691 4936 oportere
719 4847 846 4906 nemo
876 4835 935 4902 est
961 4819 1066 4930 quin
1093 4820 1306 4930 intelligat.
1331 4821 1573 4916 Fatendum
1592 4845 1653 4914 est

232 4966 344 5050 enim
375 4965 550 5079 plurimi
576 4963 685 5049 hanc
713 4963 916 5048 momenti
944 4959 1183 5048 habendam
1211 4991 1329 5068 esse,
1360 4968 1517 5080 quippe
1545 4997 1654 5082 quae

1239 5109 1261 5146 t
