4692 6512
1296 598 1445 694 (158)

659 770 745 832 terra
769 759 928 832 heredum
953 759 1078 831 domini
1102 757 1251 829 iohannis
1275 758 1410 852 quidem
1432 756 1597 852 magnifici
1621 757 1689 829 fibo
1714 759 1840 830 domini
1864 760 1992 832 romani
2008 785 2087 833 ma-

660 882 771 978 gnitici
793 883 891 954 simul
914 893 947 956 et
969 894 1055 954 terra
1078 881 1239 955 heredum
1254 881 1380 952 domini
1403 879 1517 952 cesarii
1540 879 1609 950 filio
1632 881 1755 950 domini
1779 883 1924 975 gregorii
1950 884 2087 978 quidem

660 1010 808 1105 prelcoti.
834 1021 933 1083 etex
958 1010 1022 1080 alio
1046 1011 1145 1084 latere
1169 1019 1260 1102 parte
1276 1007 1475 1078 hoccidentis
1500 1017 1584 1078 terra
1601 1005 1791 1078 hominibus
1812 1007 1887 1078 inde
1912 1007 2020 1102 ipsum
2046 1013 2088 1084 de

662 1146 807 1208 sanctum
832 1136 1038 1231 stephanum.
1067 1146 1100 1209 et
1123 1136 1163 1207 dc
1185 1157 1253 1207 uno
1276 1133 1381 1226 capite
1396 1143 1487 1225 parte
1511 1133 1751 1229 septemtrionis
1776 1141 1861 1204 terra
1879 1133 2014 1230 quidem
2032 1139 2090 1210 do·

661 1264 743 1334 mini
767 1263 911 1358 gregorii
934 1265 1099 1358 magnifici
1123 1262 1191 1333 filio
1217 1261 1343 1334 domini
1368 1259 1484 1330 marini
1512 1259 1689 1354 magnifici.
1716 1261 1756 1331 ad
1779 1283 1860 1332 vero
1888 1259 1954 1331 alio
1979 1263 2086 1356 capite

661 1395 753 1481 parte
770 1387 905 1460 meridie
928 1397 1015 1460 terra
1039 1387 1195 1459 heredum
1213 1385 1344 1479 quidem
1361 1384 1485 1457 domini
1509 1385 1617 1457 tiberii
1634 1385 1752 1458 medici
1776 1395 1809 1456 et
1832 1387 1967 1480 prelccti
1989 1389 2089 1459 umul

663 1522 697 1584 et
714 1513 879 1584 nominata
904 1514 1044 1608 corrigia
1060 1536 1132 1584 mes
1157 1537 1222 1606 que
1246 1521 1382 1582 vocatur
1407 1512 1603 1584 tomatellum
1619 1535 1718 1607 quam
1734 1513 1884 1606 superius
1907 1513 1941 1582 in
1973 1515 2088 1586 eodem

666 1636 846 1708 infirmario
869 1638 987 1708 iterum
1013 1635 1136 1708 ollerni.
1162 1645 1192 1708 et
1217 1636 1286 1728 ipsa
1310 1635 1431 1706 iterum
1446 1635 1544 1709 hahet
1567 1639 1607 1708 de
1632 1659 1698 1708 uno
1723 1637 1822 1708 latere
1840 1649 1930 1732 parte
1955 1640 2090 1710 meridie

664 1773 749 1836 terra
774 1766 813 1838 dc
843 1764 890 1833 illi
915 1763 1089 1836 rendinini.
1112 1771 1145 1836 ct
1169 1764 1209 1835 de
1233 1762 1297 1832 alio
1323 1764 1423 1836 latere
1447 1773 1538 1856 parte
1563 1765 1784 1858 septemtrioni
1817 1777 1903 1836 terra
1935 1790 1977 1837 en
2008 1765 2088 1858 ipsis

665 1885 852 1958 hominibus
876 1887 950 1960 inde
974 1887 1083 1981 ipsum
1100 1888 1140 1958 de
1163 1894 1311 1956 sanctum
1328 1886 1532 1980 stephanum.
1552 1889 1592 1960 de
1616 1911 1683 1960 uno
1705 1887 1809 1982 capite
1833 1899 1920 1960 terra
1935 1888 2091 1960 heredum

666 2016 801 2110 quidem
825 2015 952 2086 romani
977 2013 1268 2107 cognominabatur
1292 2015 1562 2107 septemnaticas:
1600 2017 1650 2088 De
1681 2015 1801 2109 quihus
1826 2015 1909 2085 nihil
1934 2015 2027 2086 nobis
2050 2040 2091 2087 cx

667 2141 775 2235 ipsum
800 2163 951 2234 campum
976 2150 1008 2212 ct
1033 2141 1262 2211 denominata
1286 2141 1427 2234 corrigia
1462 2142 1549 2214 intus
1583 2142 1763 2212 nominatas
1800 2143 2003 2214 coherentias
2027 2142 2092 2212 ali-

669 2267 758 2358 quod
781 2265 935 2336 remansit
958 2273 1014 2333 aut
1039 2265 1201 2338 reserbavi
1225 2287 1286 2336 nec
1310 2265 1344 2334 in
1369 2264 1470 2336 aliene
1496 2288 1633 2359 persona
1656 2265 1804 2336 commisi
1827 2275 2014 2360 potestate:
2046 2267 2093 2336 lta

670 2403 707 2462 ut
731 2392 773 2460 ha
796 2414 882 2460 nunc
899 2403 931 2460 et
949 2390 1099 2483 deinceps
1123 2388 1384 2482 prenominatum
1401 2388 1566 2482 integrum
1587 2413 1738 2482 campum
1753 2413 1865 2464 meum
1880 2392 1940 2487 qui
1955 2403 2090 2465 vocatur

670 2522 819 2590 lusanum
845 2539 920 2587 cum
945 2516 1112 2588 nominata
1137 2517 1262 2607 integra
1287 2516 1428 2609 corrigia
1451 2539 1524 2587 rnca
1546 2517 1587 2588 de
1624 2527 1710 2590 terra
1734 2541 1799 2612 que
1822 2528 1959 2590 vocatur
1984 2521 2093 2590 fossa-

670 2646 783 2716 tallum
808 2645 928 2718 ihidem
953 2644 1124 2714 coniuncta
1149 2663 1311 2714 unacum
1336 2643 1507 2714 erroribus
1532 2643 1706 2716 sruotileris
1730 2644 1782 2716 vel
1806 2644 2013 2717 infructiferis
2037 2645 2091 2715 si-

670 2772 741 2844 mul
765 2795 840 2843 cum
865 2771 1014 2842 introitas
1038 2795 1150 2842 earum
1175 2771 1392 2864 omnibusque.
1426 2769 1473 2840 eis
1507 2770 1740 2864 pertinentibus
1774 2771 1861 2843 unde
1891 2771 1975 2843 nihil
2012 2773 2094 2844 mihi

674 2901 789 2970 exinde
814 2899 976 2970 reserbavi
1001 2908 1049 2970 set
1073 2899 1107 2968 in
1133 2899 1262 2992 integro
1286 2899 1369 2969 sicut
1393 2897 1541 2992 superius
1564 2897 1685 2990 legitur
1707 2907 1741 2968 ot
1763 2895 1903 2990 qualiter
1922 2899 2095 2991 prenomi-

673 3035 762 3094 natas
795 3001 996 3096 coherentias
1020 3021 1103 3094 illud
1127 3025 1331 3097 circumdans
1355 3048 1373 3092 a
1398 3045 1451 3094 me
1474 3022 1508 3092 in
1533 3022 1648 3094 eodem
1677 3021 1854 3092 infirmario
1884 3023 1926 3094 sit
1948 3025 2095 3096 oblatum

675 3160 707 3219 et
733 3151 887 3222 traditum
911 3151 952 3220 ad
976 3149 1161 3221 habendum
1187 3149 1233 3220 ibi
1258 3149 1338 3219 illud
1363 3149 1396 3217 in
1420 3146 1653 3241 sempiternum
1669 3169 1730 3241 pro
1752 3150 1886 3242 regendi
1910 3161 1942 3222 et
1959 3152 2096 3246 dispen-

674 3276 765 3346 sandi
790 3298 901 3346 omnes
925 3275 1065 3346 infirmis
1089 3285 1121 3345 et
1144 3273 1262 3344 botulis
1286 3272 1386 3365 ipsius
1410 3271 1489 3344 dicti
1513 3273 1701 3344 monasterii
1724 3274 1766 3346 ha
1791 3297 1878 3348 nuno
1912 3287 1944 3350 ct
1968 3277 2096 3371 imper-

676 3397 784 3492 petuis
808 3399 1018 3490 temporibus.
1043 3408 1075 3469 et
1099 3421 1204 3492 neque
1229 3422 1247 3467 a
1272 3421 1324 3469 me
1350 3396 1519 3467 nominato
1550 3397 1690 3470 iohanne
1720 3399 1882 3472 monacho
1916 3404 2097 3474 amalfitano

675 3549 783 3618 neque
808 3550 825 3595 a
850 3527 931 3596 meis
956 3525 1128 3597 heredibus
1152 3548 1211 3596 nec
1245 3551 1263 3595 a
1299 3525 1391 3596 nobis
1427 3525 1605 3596 summissis
1642 3525 1785 3619 personis
1821 3528 1913 3600 nullo
1947 3541 2096 3624 tempore

676 3649 861 3719 nominatus
886 3650 1066 3720 infirmario
1081 3650 1219 3720 habeant
1243 3651 1359 3721 exinde
1384 3651 1558 3744 aliquando
1574 3673 1782 3747 quacumque
1798 3653 2013 3748 requesitionc
2039 3667 2093 3728 aut

673 3773 825 3846 molestia
851 3797 909 3868 per
933 3773 1059 3846 nullum
1075 3775 1208 3845 modum
1227 3773 1269 3844 ha
1293 3797 1378 3843 nunc
1404 3783 1436 3844 et
1461 3773 1670 3867 imperpetuis
1695 3777 1921 3870 temporibus?
1949 3791 2096 3850 tantum-

675 3903 775 3974 modo
799 3914 975 3975 statuentes
999 3903 1136 3974 adfirmo
1160 3911 1199 3972 ut
1221 3901 1249 3972 si
1273 3901 1332 3972 istc
1357 3901 1509 3974 dominus
1532 3900 1718 3975 benedictus
1743 3903 1914 3996 igumcnus
1950 3917 2006 3977 aut
2030 3931 2097 4001 po-

674 4031 769 4101 steris
792 4031 859 4102 suis
895 4033 1099 4102 nominatum
1134 4052 1290 4127 campum
1315 4038 1347 4100 et
1371 4029 1538 4100 nominata
1563 4029 1706 4124 corrigia
1731 4030 1929 4106 subtraxeris
1952 4059 1971 4104 a
1995 4045 2095 4129 pote-

676 4166 756 4228 state
781 4170 814 4228 et
839 4158 1029 4226 condicione
1054 4155 1214 4225 nominati
1249 4155 1420 4225 infirmarii
1445 4166 1501 4225 aut
1523 4154 1551 4225 si
1575 4155 1609 4224 in
1637 4158 1751 4229 eodem
1775 4179 1926 4252 campum
1958 4170 1991 4231 et
2014 4184 2095 4232 cor-

677 4285 761 4376 rigia
788 4282 1008 4352 dominatione
1033 4283 1189 4376 quesieris
1212 4281 1331 4353 babere
1355 4282 1423 4375 ipse
1439 4292 1494 4351 aut
1511 4285 1647 4376 posteris
1671 4285 1737 4356 suis
1756 4296 1813 4358 aut
1837 4287 1863 4357 si
1888 4291 2096 4382 congregatio

676 4409 912 4481 monachorum
947 4409 1105 4479 nominati
1141 4410 1330 4481 monasterii
1365 4407 1445 4482 illud
1472 4410 1669 4483 subtraxeris
1699 4437 1718 4483 a
1749 4423 1904 4507 potestate
1937 4415 2097 4487 nominati

674 4717 799 4779 firmarii
821 4729 981 4798 potestate,
1004 4713 1103 4796 ipsum
1115 4711 1285 4775 infirmario
1301 4711 1420 4774 insulae
1436 4713 1603 4776 salvatoris
1618 4711 1806 4792 traderetur,
1830 4715 1904 4777 binc
1917 4729 1999 4798 patet
2014 4716 2100 4777 loan-

675 4836 703 4891 ni
727 4851 817 4893 curae
837 4829 949 4902 fuisse,
972 4843 1007 4889 ut
1029 4831 1091 4891 eius
1111 4827 1273 4892 donatione¹
1293 4848 1354 4888 non
1376 4827 1472 4887 Abbas
1492 4840 1544 4888 aut
1564 4827 1704 4892 monachi
1722 4827 1754 4892 S.
1769 4827 1953 4910 sebastiani,
1976 4829 2027 4892 sed
2050 4853 2100 4892 eo·

677 4962 743 5002 rum
765 4939 974 5002 tantummodo
994 4939 1198 5002 infirmarium
1219 4959 1311 5020 usquc
1333 4935 1543 5020 perfrueretur.
