4692 6512
884 657 1026 758 (161)

238 825 291 898 dei
314 823 514 920 previdentia
538 820 812 916 langobardorum
836 819 940 914 gentis
956 818 1106 912 princeps
1122 815 1182 912 (4).
1199 836 1258 909 per
1280 835 1399 910 rogum
1416 819 1449 885 et
1464 815 1660 908 postulatio-

239 975 315 1026 nem
332 951 455 1024 domini
477 950 561 1046 petri
577 947 756 1021 veneravili
771 945 929 1042 episcopi.
953 955 987 1017 et
1009 944 1147 1016 ortatori
1164 951 1276 1014 nostro
1293 955 1325 1014 et
1338 966 1399 1037 pro
1416 965 1527 1016 amore
1548 947 1663 1015 omni-

236 1083 361 1176 potenti
377 1083 459 1155 'deo.
487 1090 520 1154 et
541 1078 719 1152 salvatione
745 1076 850 1173 gentis
873 1083 983 1146 nostre
1008 1081 1040 1144 et
1063 1071 1180 1166 patrie.
1210 1067 1443 1139 concessimus¹
1458 1068 1494 1137 in
1520 1077 1663 1140 sanctam

239 1211 348 1282 sedem
363 1205 555 1280 salernitane
571 1205 706 1278 ecclesie
720 1205 778 1277 ubi
792 1225 879 1275 nunc
894 1203 964 1296 ipse
979 1199 1181 1293 supradictus
1197 1195 1348 1270 dominus
1371 1205 1482 1288 petrus
1496 1196 1665 1290 episcopus

240 1354 367 1426 preesse
391 1331 553 1403 videntur.
578 1329 688 1402 omnia
714 1337 747 1400 et
769 1328 805 1398 in
828 1324 979 1396 omnibus
1009 1322 1107 1394 rebus
1139 1331 1171 1391 et
1203 1319 1380 1392 substantia
1395 1319 1661 1413 presviterorum.

241 1468 340 1552 atque
364 1457 590 1530 diaconorum.
615 1453 963 1543 subdiaconorumque.
988 1455 1021 1518 et
1043 1445 1191 1518 omnium
1206 1447 1400 1518 clericorum
1414 1444 1599 1518 forentium.
1614 1446 1668 1517 vel

242 1583 367 1652 civium
394 1578 599 1652 ecclesiastici
622 1575 745 1648 ordinis
770 1573 889 1668 gradum
913 1571 1130 1664 fungentium.
1157 1578 1190 1641 et
1213 1568 1345 1640 illorum
1369 1568 1574 1640 clericorum.
1609 1569 1669 1662 qui

247 1705 424 1778 secularem
442 1701 591 1774 habitum
623 1699 815 1769 induuntur.
842 1694 902 1766 sub
933 1701 1003 1763 toto
1024 1700 1137 1764 nostro
1164 1692 1363 1788 principatus
1383 1693 1665 1764 commorantium.

246 1833 305 1928 qui
329 1832 399 1904 sine
421 1828 558 1900 heredes
581 1824 724 1898 defuncti
748 1831 835 1896 sunt.
872 1821 925 1894 vel
958 1822 1017 1918 qui
1054 1821 1181 1892 inantea
1215 1821 1336 1892 fuerint
1371 1821 1513 1894 defuncti
1548 1819 1669 1914 absque

244 1960 387 2032 heredes.
412 1979 489 2028 cum
512 1977 625 2027 omnes
653 1952 786 2027 illorum
809 1951 928 2026 femine
955 1949 1044 2045 quod
1070 1951 1105 2020 in
1125 1969 1199 2044 pars
1226 1947 1375 2020 adulterii
1399 1947 1596 2024 habuerunt.
1614 1947 1669 2018 vel

247 2085 433 2158 habuerint.
460 2106 519 2158 scu
542 2094 576 2155 et
599 2083 816 2164 concessimus
839 2081 874 2152 in
898 2081 1010 2153 eadem
1026 2085 1134 2149 sancta
1150 2079 1252 2150 sedes.
1271 2099 1383 2148 omnes
1404 2095 1518 2149 servos
1540 2099 1582 2148 ex
1601 2076 1671 2168 ipso

247 2213 413 2309 episcopio
434 2213 630 2310 pertinentes
648 2233 723 2284 cum
739 2211 899 2286 uxoribus
915 2210 982 2282 suis
1006 2209 1108 2281 livere
1132 2205 1250 2280 femine
1268 2205 1316 2304 (5)
1333 2207 1421 2300 quod
1445 2225 1550 2298 usque
1574 2203 1673 2274 modo

245 2795 329 2859 idem
350 2817 425 2861 vero
444 2819 610 2881 pronomen
632 2800 686 2864 etsi
706 2801 740 2861 in
761 2800 951 2865 Cancelleria
970 2801 1187 2883 Imperatorum
1202 2796 1388 2874 Occidentis,
1410 2811 1501 2880 prout
1521 2796 1674 2858 Leuberus

243 2911 275 2970 in
289 2913 350 2972 suis
365 2911 620 2974 observationibus
641 2915 703 2992 ait,
728 2912 890 2995 aliquando
904 2913 1064 2973 obtinuerit
1087 2926 1210 2973 exeunte
1231 2910 1349 2974 saeculo
1363 2913 1393 2973 X
1407 2957 1416 2988 ‚
1439 2912 1471 2970 in
1487 2908 1674 2971 Cancelleria

243 3031 347 3080 tamen
368 3041 471 3102 regum
491 3021 772 3104 langobardorum,
807 3025 891 3083 cuius
918 3021 1092 3083 methodum
1121 3025 1213 3084 nostri
1234 3021 1335 3083 Duces
1359 3022 1520 3082 Beneventi
1551 3019 1675 3081 fuerunt

241 3130 371 3210 imitati,
394 3133 491 3194 multo
512 3148 582 3194 ante
606 3137 639 3195 iu
661 3134 827 3218 diplomata
847 3137 1013 3218 irrepserat.

326 3239 372 3323 (4)
393 3241 508 3303 Arichis
529 3243 581 3322 11,
605 3257 639 3304 ut
660 3243 765 3305 videre
786 3259 828 3306 est
848 3245 877 3302 in
899 3243 1039 3304 chronico
1060 3242 1184 3304 Ducum
1197 3243 1358 3306 Beneventi
1385 3244 1466 3328 apud
1486 3241 1673 3318 Pratillum,

248 3373 318 3414 cum
339 3353 431 3415 fuerit
450 3355 608 3436 Pn'nceps
631 3367 795 3418 coronatus
818 3378 839 3416 a
864 3357 974 3419 Coreto
994 3361 1139 3436 Magno,
1173 3359 1233 3418 lroc
1254 3358 1343 3418 titulo
1373 3358 1487 3439 primus
1512 3357 1574 3438 ipse
1598 3357 1674 3415 inter

248 3461 454 3544 Langobardos
474 3487 544 3528 usus
565 3479 617 3527 est.
636 3465 716 3527 Nam
737 3488 807 3528 cum
823 3465 947 3527 antehac
967 3463 1040 3529 esset
1061 3466 1150 3527 titulo
1164 3467 1257 3528 Ducis
1272 3465 1495 3543 condecoratus,
1517 3485 1674 3548 nunquam

246 3572 277 3630 in
297 3571 467 3655 diplomatis
500 3575 561 3638 eius
593 3575 632 3636 ad
657 3597 768 3637 annum
798 3575 1054 3639 Dchxxxvt.
1082 3579 1245 3657 Principis
1274 3575 1397 3638 titulum
1423 3575 1495 3636 licet
1522 3575 1675 3645 invenire,

248 3695 283 3739 ut
304 3684 412 3763 probat
443 3685 566 3766 epistola
586 3684 699 3746 vat.
720 3685 873 3747 Pontificis
894 3685 1037 3745 Hadriani
1059 3689 1083 3748 l.
1103 3687 1134 3745 in
1156 3685 1264 3747 Codice
1285 3685 1432 3748 Carolino.

326 3794 406 3853 Cum
428 3792 564 3876 deinceps
585 3794 739 3856 Sieonulto
760 3809 876 3876 partem
896 3795 1062 3876 quamdam
1082 3795 1216 3856 Ducatus
1237 3795 1436 3860 Beneventani
1460 3813 1537 3855 anno
1556 3795 1671 3854 circiter

247 3906 308 3968 850
328 3905 496 3968 tradidisset
526 3906 686 3988 regendam
706 3908 795 3969 titulo
817 3908 1005 3990 Principatus
1025 3908 1141 3969 Salerni
1161 3911 1322 3990 Imperator
1341 3905 1533 3983 Ludovicus,
1555 3905 1670 3966 factum

243 4033 286 4078 cst
307 4033 341 4076 ut
363 4031 393 4078 et
413 4017 611 4097 siconolfus,
629 4035 660 4080 et
680 4021 733 4104 qui
756 4019 881 4083 subinde
900 4018 1016 4083 Salerni
1038 4017 1182 4080 dominati
1201 4019 1304 4096 fuere,
1320 4021 1490 4100 Principes
1509 4038 1569 4080 sese
1589 4039 1670 4079 nun·

243 4125 392 4205 cuparint.
413 4125 477 4186 Nec
499 4127 672 4189 absimilem
684 4129 810 4190 titulum
823 4143 1007 4212 usurparunt
1026 4130 1069 4207 ii,
1089 4131 1144 4212 qni
1163 4129 1283 4214 Capuae
1297 4127 1408 4190 ditione
1428 4129 1661 4190 abeneventano

245 4237 422 4320 Principatu
442 4241 572 4302 seiuncta
593 4242 679 4321 potiti
699 4241 833 4304 suerunt.

325 4351 374 4433 (5)
394 4353 442 4412 De
461 4352 564 4416 liberis
585 4353 732 4430 foeminis,
755 4376 832 4437 quae
847 4357 1061 4419 servisnubere
1083 4377 1170 4419 ausae
1183 4356 1321 4434 fuissent,
1345 4357 1409 4439 lege
1430 4357 1583 4420 CCXXll.
1604 4358 1669 4418 tto-

250 4462 342 4523 tbaris
362 4464 509 4524 sancitum
530 4463 603 4543 tuit,
626 4481 660 4527 ut
680 4488 781 4528 earnm
802 4467 982 4550 propinquis
998 4469 1044 4528 ius
1059 4481 1131 4530 esset
1150 4467 1377 4544 interficiendi,
1399 4481 1452 4529 aut
1471 4468 1664 4530 vcnarndandi

247 4569 364 4632 easdem
383 4586 465 4634 extra
485 4577 679 4655 provinciam.
699 4578 762 4638 Ubi
781 4598 852 4638 vcro
873 4591 1013 4637 neutrum
1027 4576 1199 4639 huiusmodi
1221 4578 1402 4660 supplicium
1424 4579 1461 4640 de
1474 4579 1574 4641 liberis
1588 4579 1666 4642 hisce

247 4701 398 4744 serrorum
418 4686 560 4748 uxoribus
588 4686 766 4748 sumendum
789 4689 949 4769 propinqui
975 4701 1144 4764 curassent,
1177 4688 1361 4763 Galdastiis,
1393 4704 1484 4772 atque
1504 4689 1665 4752 Sculdasiis

243 4792 355 4856 licebat
374 4817 423 4858 cas
444 4799 482 4857 in
502 4813 622 4860 curtem
644 4803 741 4879 Regis
761 4798 894 4874 ducere,
917 4807 948 4859 et
969 4802 1053 4860 intra
1076 4801 1215 4881 pensiles
1236 4801 1370 4861 ancillas
1399 4805 1592 4864 constituere.
1616 4801 1663 4864 Eu

242 4911 300 4970 hac
321 4911 410 4991 igitur
430 4911 496 4992 lege
517 4935 586 4974 cum
607 4914 718 4976 liberae
739 4914 907 4976 salernitani
927 4917 1112 4998 Principatus
1134 4915 1299 4990 faeminas,
1321 4935 1395 4997 quas
1415 4935 1566 4979 servotum
1588 4937 1661 4977 con-

241 5021 334 5082 nubio
354 5025 570 5086 contaminatas
591 5025 751 5108 propinqui
770 5027 815 5086 sui
835 5045 890 5089 nec
909 5027 1010 5089 mortis
1030 5047 1084 5088 nec
1103 5025 1278 5090 venditionis
1299 5045 1393 5112 poena
1415 5025 1592 5106 affecissent,
1626 5027 1664 5091 ad

1325 5153 1363 5217 21
