<?xml version="1.0" encoding="UTF-8"?>
<!DOCTYPE html PUBLIC "-//W3C//DTD XHTML 1.0 Transitional//EN"
    "http://www.w3.org/TR/xhtml1/DTD/xhtml1-transitional.dtd">
<html xmlns="http://www.w3.org/1999/xhtml" xml:lang="en" lang="en">
 <head>
  <title>
</title>
<meta http-equiv="Content-Type" content="text/html;charset=utf-8" />
  <meta name='ocr-system' content='tesseract 3.04.00' />
  <meta name='ocr-capabilities' content='ocr_page ocr_carea ocr_par ocr_line ocrx_word'/>
</head>
<body>
  <div class='ocr_page' id='page_1' title='image "./monumentaeditaa01napogoog_0170.png"; bbox 0 0 4692 6512; ppageno 0'>
   <div class='ocr_carea' id='block_1_1' title="bbox 1205 922 1439 994">
    <p class='ocr_par' dir='ltr' id='par_1_1' title="bbox 1205 922 1439 994">
     <span class='ocr_line' id='line_1_1' title="bbox 1205 922 1439 994; baseline -0.013 0"><span class='ocrx_word' id='word_1_1' title='bbox 1205 947 1207 952; x_wconf 78' lang='grc'><strong>’</strong></span> <span class='ocrx_word' id='word_1_2' title='bbox 1305 922 1439 994; x_wconf 85' lang='lat' dir='ltr'>XXXII.</span> 
     </span>
    </p>
   </div>
   <div class='ocr_carea' id='block_1_2' title="bbox 537 1171 2099 3186">
    <p class='ocr_par' dir='ltr' id='par_1_2' title="bbox 537 1171 2099 3186">
     <span class='ocr_line' id='line_1_2' title="bbox 544 1171 2089 1278; baseline 0.001 -26"><span class='ocrx_word' id='word_1_3' title='bbox 544 1231 599 1278; x_wconf 60' lang='lat' dir='ltr'><strong>an,</strong></span> <span class='ocrx_word' id='word_1_4' title='bbox 755 1183 792 1252; x_wconf 91' lang='lat' dir='ltr'><strong>ln</strong></span> <span class='ocrx_word' id='word_1_5' title='bbox 815 1179 948 1255; x_wconf 90' lang='lat' dir='ltr'><strong>nomine</strong></span> <span class='ocrx_word' id='word_1_6' title='bbox 972 1180 1098 1256; x_wconf 92' lang='lat' dir='ltr'><strong>domini</strong></span> <span class='ocrx_word' id='word_1_7' title='bbox 1119 1179 1173 1254; x_wconf 92' lang='lat' dir='ltr'><strong>dei</strong></span> <span class='ocrx_word' id='word_1_8' title='bbox 1196 1178 1367 1254; x_wconf 88' lang='lat' dir='ltr'><strong>salvatoris</strong></span> <span class='ocrx_word' id='word_1_9' title='bbox 1384 1180 1494 1253; x_wconf 89' lang='lat' dir='ltr'><strong>nostri</strong></span> <span class='ocrx_word' id='word_1_10' title='bbox 1517 1179 1588 1254; x_wconf 90' lang='lat' dir='ltr'><strong>iesu</strong></span> <span class='ocrx_word' id='word_1_11' title='bbox 1612 1178 1726 1252; x_wconf 87' lang='lat' dir='ltr'><strong>christi</strong></span> <span class='ocrx_word' id='word_1_12' title='bbox 1749 1171 1930 1274; x_wconf 77' lang='lat' dir='ltr'><strong>imperante</strong></span> <span class='ocrx_word' id='word_1_13' title='bbox 1954 1181 2089 1254; x_wconf 88' lang='lat' dir='ltr'><strong>domino</strong></span> 
     </span>
     <span class='ocr_line' id='line_1_3' title="bbox 537 1305 2091 1404; baseline 0.002 -26"><span class='ocrx_word' id='word_1_14' title='bbox 537 1340 616 1400; x_wconf 84' lang='lat'><strong>939.</strong></span> <span class='ocrx_word' id='word_1_15' title='bbox 661 1315 773 1379; x_wconf 89' lang='lat' dir='ltr'><strong>nostro</strong></span> <span class='ocrx_word' id='word_1_16' title='bbox 792 1309 1003 1380; x_wconf 85' lang='lat' dir='ltr'><strong>Constantino</strong></span> <span class='ocrx_word' id='word_1_17' title='bbox 1026 1309 1259 1404; x_wconf 85' lang='lat' dir='ltr'><strong>poriirogenito</strong></span> <span class='ocrx_word' id='word_1_18' title='bbox 1274 1328 1394 1400; x_wconf 87' lang='lat' dir='ltr'><strong>magno</strong></span> <span class='ocrx_word' id='word_1_19' title='bbox 1411 1307 1608 1402; x_wconf 74' lang='lat' dir='ltr'><strong>imperatore</strong></span> <span class='ocrx_word' id='word_1_20' title='bbox 1625 1329 1710 1379; x_wconf 89' lang='lat' dir='ltr'><strong>anno</strong></span> <span class='ocrx_word' id='word_1_21' title='bbox 1726 1305 1893 1377; x_wconf 87' lang='lat' dir='ltr'><strong>tricesimo</strong></span> <span class='ocrx_word' id='word_1_22' title='bbox 1908 1307 2017 1402; x_wconf 91' lang='lat' dir='ltr'><strong>primo</strong></span> <span class='ocrx_word' id='word_1_23' title='bbox 2033 1309 2091 1382; x_wconf 89' lang='lat' dir='ltr'><strong>sed</strong></span> 
     </span>
     <span class='ocr_line' id='line_1_4' title="bbox 660 1434 2091 1530; baseline -0.001 -20"><span class='ocrx_word' id='word_1_24' title='bbox 660 1449 692 1510; x_wconf 90' lang='lat' dir='ltr'><strong>et</strong></span> <span class='ocrx_word' id='word_1_25' title='bbox 716 1460 853 1510; x_wconf 89' lang='lat' dir='ltr'><strong>romano</strong></span> <span class='ocrx_word' id='word_1_26' title='bbox 869 1459 990 1530; x_wconf 91' lang='lat' dir='ltr'><strong>magno</strong></span> <span class='ocrx_word' id='word_1_27' title='bbox 1010 1439 1208 1530; x_wconf 75' lang='lat' dir='ltr'><strong>imperatore</strong></span> <span class='ocrx_word' id='word_1_28' title='bbox 1225 1459 1311 1508; x_wconf 90' lang='lat' dir='ltr'><strong>anno</strong></span> <span class='ocrx_word' id='word_1_29' title='bbox 1327 1435 1596 1508; x_wconf 86' lang='lat' dir='ltr'><strong>octabodecimo:</strong></span> <span class='ocrx_word' id='word_1_30' title='bbox 1622 1435 1683 1507; x_wconf 85' lang='lat' dir='ltr'><strong>Die</strong></span> <span class='ocrx_word' id='word_1_31' title='bbox 1698 1434 1854 1507; x_wconf 88' lang='lat' dir='ltr'><strong>vicesima</strong></span> <span class='ocrx_word' id='word_1_32' title='bbox 1870 1457 1957 1507; x_wconf 90' lang='lat' dir='ltr'><strong>nona</strong></span> <span class='ocrx_word' id='word_1_33' title='bbox 1971 1439 2091 1508; x_wconf 82' lang='lat' dir='ltr'><strong>mensis</strong></span> 
     </span>
     <span class='ocr_line' id='line_1_5' title="bbox 658 1563 2092 1658; baseline -0.001 -22"><span class='ocrx_word' id='word_1_34' title='bbox 658 1565 797 1639; x_wconf 91' lang='lat' dir='ltr'><strong>ianuarii</strong></span> <span class='ocrx_word' id='word_1_35' title='bbox 821 1566 998 1639; x_wconf 81' lang='lat' dir='ltr'><strong>indictione</strong></span> <span class='ocrx_word' id='word_1_36' title='bbox 1021 1565 1215 1638; x_wconf 83' lang='lat' dir='ltr'><strong>duodecima</strong></span> <span class='ocrx_word' id='word_1_37' title='bbox 1234 1565 1388 1657; x_wconf 78' lang='lat' dir='ltr'><strong>neapoli:</strong></span> <span class='ocrx_word' id='word_1_38' title='bbox 1415 1563 1549 1637; x_wconf 83' lang='lat' dir='ltr'><strong>Certum</strong></span> <span class='ocrx_word' id='word_1_39' title='bbox 1572 1573 1620 1636; x_wconf 89' lang='lat' dir='ltr'><strong>est</strong></span> <span class='ocrx_word' id='word_1_40' title='bbox 1636 1585 1696 1634; x_wconf 88' lang='lat' dir='ltr'><strong>nos</strong></span> <span class='ocrx_word' id='word_1_41' title='bbox 1713 1563 1888 1635; x_wconf 89' lang='lat' dir='ltr'><strong>iohannem</strong></span> <span class='ocrx_word' id='word_1_42' title='bbox 1906 1572 1939 1636; x_wconf 90' lang='lat' dir='ltr'><strong>et</strong></span> <span class='ocrx_word' id='word_1_43' title='bbox 1954 1565 2092 1658; x_wconf 89' lang='lat' dir='ltr'><strong>stepha·</strong></span> 
     </span>
     <span class='ocr_line' id='line_1_6' title="bbox 657 1690 2090 1786; baseline -0.002 -21"><span class='ocrx_word' id='word_1_44' title='bbox 657 1717 737 1766; x_wconf 91' lang='lat' dir='ltr'><strong>num</strong></span> <span class='ocrx_word' id='word_1_45' title='bbox 760 1718 819 1766; x_wconf 91' lang='lat' dir='ltr'><strong>seu</strong></span> <span class='ocrx_word' id='word_1_46' title='bbox 842 1693 1068 1766; x_wconf 84' lang='lat' dir='ltr'><strong>theodonanda</strong></span> <span class='ocrx_word' id='word_1_47' title='bbox 1091 1692 1228 1763; x_wconf 87' lang='lat' dir='ltr'><strong>honesta</strong></span> <span class='ocrx_word' id='word_1_48' title='bbox 1251 1691 1372 1762; x_wconf 85' lang='lat' dir='ltr'><strong>femina</strong></span> <span class='ocrx_word' id='word_1_49' title='bbox 1396 1694 1560 1786; x_wconf 89' lang='lat' dir='ltr'><strong>germanis</strong></span> <span class='ocrx_word' id='word_1_50' title='bbox 1577 1691 1650 1764; x_wconf 81' lang='lat' dir='ltr'><strong>filiis</strong></span> <span class='ocrx_word' id='word_1_51' title='bbox 1675 1702 1707 1764; x_wconf 93' lang='lat' dir='ltr'><strong>et</strong></span> <span class='ocrx_word' id='word_1_52' title='bbox 1730 1691 1797 1764; x_wconf 86' lang='lat' dir='ltr'><strong>tilia</strong></span> <span class='ocrx_word' id='word_1_53' title='bbox 1812 1690 1947 1786; x_wconf 87' lang='lat' dir='ltr'><strong>quidem</strong></span> <span class='ocrx_word' id='word_1_54' title='bbox 1963 1692 2090 1764; x_wconf 91' lang='lat' dir='ltr'><strong>domini</strong></span> 
     </span>
     <span class='ocr_line' id='line_1_7' title="bbox 656 1816 2088 1912; baseline -0.003 -22"><span class='ocrx_word' id='word_1_55' title='bbox 656 1819 755 1912; x_wconf 89' lang='lat' dir='ltr'><strong>sergii</strong></span> <span class='ocrx_word' id='word_1_56' title='bbox 778 1817 944 1912; x_wconf 84' lang='lat' dir='ltr'><strong>magnifici</strong></span> <span class='ocrx_word' id='word_1_57' title='bbox 967 1827 1000 1889; x_wconf 91' lang='lat' dir='ltr'><strong>et</strong></span> <span class='ocrx_word' id='word_1_58' title='bbox 1023 1817 1158 1911; x_wconf 87' lang='lat' dir='ltr'><strong>quidem</strong></span> <span class='ocrx_word' id='word_1_59' title='bbox 1182 1818 1286 1891; x_wconf 86' lang='lat' dir='ltr'><strong>marie</strong></span> <span class='ocrx_word' id='word_1_60' title='bbox 1309 1816 1444 1890; x_wconf 84' lang='lat' dir='ltr'><strong>honesta</strong></span> <span class='ocrx_word' id='word_1_61' title='bbox 1468 1816 1588 1888; x_wconf 79' lang='lat' dir='ltr'><strong>semina</strong></span> <span class='ocrx_word' id='word_1_62' title='bbox 1603 1817 1763 1911; x_wconf 87' lang='lat' dir='ltr'><strong>iugalium</strong></span> <span class='ocrx_word' id='word_1_63' title='bbox 1778 1839 2002 1911; x_wconf 86' lang='lat' dir='ltr'><strong>personarum.</strong></span> <span class='ocrx_word' id='word_1_64' title='bbox 2019 1841 2088 1888; x_wconf 88' lang='lat' dir='ltr'><strong>una</strong></span> 
     </span>
     <span class='ocr_line' id='line_1_8' title="bbox 656 1943 2092 2040; baseline -0.001 -25"><span class='ocrx_word' id='word_1_65' title='bbox 656 1969 733 2016; x_wconf 89' lang='lat' dir='ltr'><strong>cum</strong></span> <span class='ocrx_word' id='word_1_66' title='bbox 757 1967 952 2016; x_wconf 86' lang='lat' dir='ltr'><strong>consensum</strong></span> <span class='ocrx_word' id='word_1_67' title='bbox 975 1945 1134 2017; x_wconf 88' lang='lat' dir='ltr'><strong>nominati</strong></span> <span class='ocrx_word' id='word_1_68' title='bbox 1158 1943 1301 2038; x_wconf 83' lang='lat' dir='ltr'><strong>genitori</strong></span> <span class='ocrx_word' id='word_1_69' title='bbox 1324 1947 1440 2016; x_wconf 82' lang='lat' dir='ltr'><strong>nostri.</strong></span> <span class='ocrx_word' id='word_1_70' title='bbox 1478 1947 1577 2018; x_wconf 91' lang='lat' dir='ltr'><strong>simul</strong></span> <span class='ocrx_word' id='word_1_71' title='bbox 1612 1956 1646 2017; x_wconf 87' lang='lat' dir='ltr'><strong>et</strong></span> <span class='ocrx_word' id='word_1_72' title='bbox 1669 1968 1732 2040; x_wconf 85' lang='lat' dir='ltr'><strong>ego</strong></span> <span class='ocrx_word' id='word_1_73' title='bbox 1755 1947 1921 2016; x_wconf 84' lang='lat' dir='ltr'><strong>nominato</strong></span> <span class='ocrx_word' id='word_1_74' title='bbox 1945 1943 2092 2016; x_wconf 91' lang='lat' dir='ltr'><strong>theodo-</strong></span> 
     </span>
     <span class='ocr_line' id='line_1_9' title="bbox 656 2071 2093 2169; baseline 0 -27"><span class='ocrx_word' id='word_1_75' title='bbox 656 2074 763 2144; x_wconf 89' lang='lat' dir='ltr'><strong>nanda</strong></span> <span class='ocrx_word' id='word_1_76' title='bbox 787 2073 922 2145; x_wconf 89' lang='lat' dir='ltr'><strong>honesta</strong></span> <span class='ocrx_word' id='word_1_77' title='bbox 949 2073 1070 2145; x_wconf 82' lang='lat' dir='ltr'><strong>lemine</strong></span> <span class='ocrx_word' id='word_1_78' title='bbox 1093 2095 1170 2145; x_wconf 90' lang='lat' dir='ltr'><strong>eum</strong></span> <span class='ocrx_word' id='word_1_79' title='bbox 1193 2075 1361 2146; x_wconf 85' lang='lat' dir='ltr'><strong>voluntate</strong></span> <span class='ocrx_word' id='word_1_80' title='bbox 1384 2075 1526 2169; x_wconf 79' lang='lat' dir='ltr'><strong>presenti</strong></span> <span class='ocrx_word' id='word_1_81' title='bbox 1554 2072 1681 2146; x_wconf 91' lang='lat' dir='ltr'><strong>domini</strong></span> <span class='ocrx_word' id='word_1_82' title='bbox 1712 2072 1830 2144; x_wconf 92' lang='lat' dir='ltr'><strong>marini</strong></span> <span class='ocrx_word' id='word_1_83' title='bbox 1859 2072 1924 2143; x_wconf 82' lang='lat' dir='ltr'><strong>viri</strong></span> <span class='ocrx_word' id='word_1_84' title='bbox 1956 2071 2036 2144; x_wconf 91' lang='lat' dir='ltr'><strong>mei.</strong></span> <span class='ocrx_word' id='word_1_85' title='bbox 2062 2074 2093 2142; x_wconf 85' lang='grc' dir='ltr'>Α</span> 
     </span>
     <span class='ocr_line' id='line_1_10' title="bbox 658 2197 2096 2296; baseline -0.002 -25"><span class='ocrx_word' id='word_1_86' title='bbox 658 2201 801 2295; x_wconf 89' lang='lat' dir='ltr'><strong>presenti</strong></span> <span class='ocrx_word' id='word_1_87' title='bbox 825 2203 879 2272; x_wconf 93' lang='lat' dir='ltr'><strong>die</strong></span> <span class='ocrx_word' id='word_1_88' title='bbox 904 2201 1126 2296; x_wconf 80' lang='lat' dir='ltr'><strong>promtissima</strong></span> <span class='ocrx_word' id='word_1_89' title='bbox 1148 2201 1316 2275; x_wconf 78' lang='lat' dir='ltr'><strong>voluntate</strong></span> <span class='ocrx_word' id='word_1_90' title='bbox 1339 2223 1402 2295; x_wconf 90' lang='lat' dir='ltr'><strong>pro</strong></span> <span class='ocrx_word' id='word_1_91' title='bbox 1426 2202 1575 2275; x_wconf 81' lang='lat' dir='ltr'><strong>mercede</strong></span> <span class='ocrx_word' id='word_1_92' title='bbox 1601 2207 1634 2274; x_wconf 87' lang='lat' dir='ltr'><strong>et</strong></span> <span class='ocrx_word' id='word_1_93' title='bbox 1659 2199 1846 2272; x_wconf 83' lang='lat' dir='ltr'><strong>salvationis</strong></span> <span class='ocrx_word' id='word_1_94' title='bbox 1875 2197 1985 2272; x_wconf 89' lang='lat' dir='ltr'><strong>anime</strong></span> <span class='ocrx_word' id='word_1_95' title='bbox 2012 2199 2096 2292; x_wconf 92' lang='lat' dir='ltr'><strong>qui-</strong></span> 
     </span>
     <span class='ocr_line' id='line_1_11' title="bbox 659 2327 2095 2423; baseline -0.001 -23"><span class='ocrx_word' id='word_1_96' title='bbox 659 2331 734 2400; x_wconf 90' lang='lat' dir='ltr'><strong>dem</strong></span> <span class='ocrx_word' id='word_1_97' title='bbox 773 2351 868 2401; x_wconf 91' lang='lat' dir='ltr'><strong>maru</strong></span> <span class='ocrx_word' id='word_1_98' title='bbox 874 2377 1004 2401; x_wconf 85' lang='grc'><strong>......</strong></span> <span class='ocrx_word' id='word_1_99' title='bbox 1013 2353 1167 2423; x_wconf 85' lang='lat' dir='ltr'><strong>germane</strong></span> <span class='ocrx_word' id='word_1_100' title='bbox 1206 2343 1317 2403; x_wconf 88' lang='lat' dir='ltr'><strong>nostre</strong></span> <span class='ocrx_word' id='word_1_101' title='bbox 1353 2330 1479 2403; x_wconf 81' lang='lat' dir='ltr'><strong>Offerre</strong></span> <span class='ocrx_word' id='word_1_102' title='bbox 1516 2339 1549 2404; x_wconf 89' lang='lat' dir='ltr'><strong>et</strong></span> <span class='ocrx_word' id='word_1_103' title='bbox 1590 2327 1758 2402; x_wconf 85' lang='lat' dir='ltr'><strong>offerimus</strong></span> <span class='ocrx_word' id='word_1_104' title='bbox 1795 2331 1902 2423; x_wconf 88' lang='lat' dir='ltr'><strong>adque</strong></span> <span class='ocrx_word' id='word_1_105' title='bbox 1943 2328 1979 2398; x_wconf 90' lang='lat' dir='ltr'><strong>in</strong></span> <span class='ocrx_word' id='word_1_106' title='bbox 2011 2351 2095 2422; x_wconf 88' lang='lat' dir='ltr'><strong>pre-</strong></span> 
     </span>
     <span class='ocr_line' id='line_1_12' title="bbox 658 2456 2095 2532; baseline -0.001 -4"><span class='ocrx_word' id='word_1_107' title='bbox 658 2457 743 2528; x_wconf 91' lang='lat' dir='ltr'><strong>senti</strong></span> <span class='ocrx_word' id='word_1_108' title='bbox 767 2458 1025 2530; x_wconf 85' lang='lat' dir='ltr'><strong>contradidimus</strong></span> <span class='ocrx_word' id='word_1_109' title='bbox 1046 2458 1140 2529; x_wconf 88' lang='lat' dir='ltr'><strong>vobis</strong></span> <span class='ocrx_word' id='word_1_110' title='bbox 1157 2468 1191 2530; x_wconf 89' lang='lat' dir='ltr'><strong>et</strong></span> <span class='ocrx_word' id='word_1_111' title='bbox 1207 2457 1333 2530; x_wconf 90' lang='lat' dir='ltr'><strong>nomini</strong></span> <span class='ocrx_word' id='word_1_112' title='bbox 1357 2471 1467 2532; x_wconf 82' lang='lat' dir='ltr'><strong>vestro</strong></span> <span class='ocrx_word' id='word_1_113' title='bbox 1490 2459 1577 2532; x_wconf 90' lang='lat' dir='ltr'><strong>beati</strong></span> <span class='ocrx_word' id='word_1_114' title='bbox 1601 2457 1705 2530; x_wconf 89' lang='lat' dir='ltr'><strong>seberi</strong></span> <span class='ocrx_word' id='word_1_115' title='bbox 1729 2456 1842 2527; x_wconf 88' lang='lat' dir='ltr'><strong>christi</strong></span> <span class='ocrx_word' id='word_1_116' title='bbox 1859 2459 2036 2528; x_wconf 83' lang='lat' dir='ltr'><strong>consessori</strong></span> <span class='ocrx_word' id='word_1_117' title='bbox 2061 2467 2095 2526; x_wconf 90' lang='lat' dir='ltr'><strong>et</strong></span> 
     </span>
     <span class='ocr_line' id='line_1_13' title="bbox 659 2583 2095 2678; baseline -0.003 -22"><span class='ocrx_word' id='word_1_118' title='bbox 659 2608 718 2678; x_wconf 90' lang='lat' dir='ltr'><strong>per</strong></span> <span class='ocrx_word' id='word_1_119' title='bbox 742 2604 803 2658; x_wconf 87' lang='lat' dir='ltr'><strong>vos</strong></span> <span class='ocrx_word' id='word_1_120' title='bbox 828 2585 863 2654; x_wconf 95' lang='lat' dir='ltr'><strong>in</strong></span> <span class='ocrx_word' id='word_1_121' title='bbox 887 2595 996 2658; x_wconf 84' lang='lat' dir='ltr'><strong>sancta</strong></span> <span class='ocrx_word' id='word_1_122' title='bbox 1019 2586 1082 2657; x_wconf 82' lang='lat' dir='ltr'><strong>hnc</strong></span> <span class='ocrx_word' id='word_1_123' title='bbox 1104 2585 1283 2659; x_wconf 81' lang='lat' dir='ltr'><strong>venerabili</strong></span> <span class='ocrx_word' id='word_1_124' title='bbox 1314 2594 1422 2657; x_wconf 88' lang='lat' dir='ltr'><strong>vestra</strong></span> <span class='ocrx_word' id='word_1_125' title='bbox 1456 2585 1591 2657; x_wconf 82' lang='lat' dir='ltr'><strong>eeclesia</strong></span> <span class='ocrx_word' id='word_1_126' title='bbox 1614 2583 1674 2678; x_wconf 90' lang='lat' dir='ltr'><strong>qui</strong></span> <span class='ocrx_word' id='word_1_127' title='bbox 1706 2585 1767 2656; x_wconf 89' lang='lat' dir='ltr'><strong>sita</strong></span> <span class='ocrx_word' id='word_1_128' title='bbox 1798 2603 1868 2656; x_wconf 88' lang='lat' dir='ltr'><strong>esse</strong></span> <span class='ocrx_word' id='word_1_129' title='bbox 1897 2583 2027 2655; x_wconf 89' lang='lat' dir='ltr'><strong>videtur</strong></span> <span class='ocrx_word' id='word_1_130' title='bbox 2060 2584 2095 2653; x_wconf 90' lang='lat' dir='ltr'><strong>in</strong></span> 
     </span>
     <span class='ocr_line' id='line_1_14' title="bbox 659 2709 2093 2805; baseline -0.001 -25"><span class='ocrx_word' id='word_1_131' title='bbox 659 2711 765 2803; x_wconf 87' lang='lat' dir='ltr'><strong>platea</strong></span> <span class='ocrx_word' id='word_1_132' title='bbox 790 2733 856 2805; x_wconf 89' lang='lat' dir='ltr'><strong>que</strong></span> <span class='ocrx_word' id='word_1_133' title='bbox 880 2719 1019 2781; x_wconf 87' lang='lat' dir='ltr'><strong>vocatur</strong></span> <span class='ocrx_word' id='word_1_134' title='bbox 1040 2710 1134 2782; x_wconf 84' lang='lat' dir='ltr'><strong>radia</strong></span> <span class='ocrx_word' id='word_1_135' title='bbox 1157 2709 1234 2780; x_wconf 88' lang='lat' dir='ltr'><strong>solis</strong></span> <span class='ocrx_word' id='word_1_136' title='bbox 1255 2712 1314 2805; x_wconf 90' lang='lat' dir='ltr'><strong>qui</strong></span> <span class='ocrx_word' id='word_1_137' title='bbox 1338 2718 1371 2781; x_wconf 90' lang='lat' dir='ltr'><strong>et</strong></span> <span class='ocrx_word' id='word_1_138' title='bbox 1394 2712 1525 2804; x_wconf 78' lang='lat' dir='ltr'><strong>gurgite</strong></span> <span class='ocrx_word' id='word_1_139' title='bbox 1545 2709 1665 2783; x_wconf 88' lang='lat' dir='ltr'><strong>dicitur</strong></span> <span class='ocrx_word' id='word_1_140' title='bbox 1687 2710 1823 2804; x_wconf 90' lang='lat' dir='ltr'><strong>regione</strong></span> <span class='ocrx_word' id='word_1_141' title='bbox 1838 2715 1967 2781; x_wconf 83' lang='lat' dir='ltr'><strong>summa</strong></span> <span class='ocrx_word' id='word_1_142' title='bbox 1986 2711 2093 2804; x_wconf 86' lang='lat' dir='ltr'><strong>platea</strong></span> 
     </span>
     <span class='ocr_line' id='line_1_15' title="bbox 660 2834 2096 2930; baseline 0.001 -25"><span class='ocrx_word' id='word_1_143' title='bbox 660 2859 719 2927; x_wconf 88' lang='lat' dir='ltr'><strong>per</strong></span> <span class='ocrx_word' id='word_1_144' title='bbox 742 2858 858 2906; x_wconf 87' lang='lat' dir='ltr'><strong>manus</strong></span> <span class='ocrx_word' id='word_1_145' title='bbox 882 2845 937 2905; x_wconf 90' lang='lat' dir='ltr'><strong>tua</strong></span> <span class='ocrx_word' id='word_1_146' title='bbox 961 2836 1104 2930; x_wconf 88' lang='lat' dir='ltr'><strong>presenti</strong></span> <span class='ocrx_word' id='word_1_147' title='bbox 1127 2834 1253 2907; x_wconf 93' lang='lat' dir='ltr'><strong>domini</strong></span> <span class='ocrx_word' id='word_1_148' title='bbox 1274 2835 1383 2906; x_wconf 89' lang='lat' dir='ltr'><strong>mauri</strong></span> <span class='ocrx_word' id='word_1_149' title='bbox 1405 2835 1600 2908; x_wconf 88' lang='lat' dir='ltr'><strong>venerabilis</strong></span> <span class='ocrx_word' id='word_1_150' title='bbox 1616 2835 1788 2928; x_wconf 85' lang='lat' dir='ltr'><strong>presbiteri</strong></span> <span class='ocrx_word' id='word_1_151' title='bbox 1811 2835 1869 2930; x_wconf 87' lang='lat' dir='ltr'><strong>qui</strong></span> <span class='ocrx_word' id='word_1_152' title='bbox 1887 2835 2009 2908; x_wconf 86' lang='lat' dir='ltr'><strong>ibidem</strong></span> <span class='ocrx_word' id='word_1_153' title='bbox 2030 2859 2096 2906; x_wconf 88' lang='lat' dir='ltr'><strong>eu-</strong></span> 
     </span>
     <span class='ocr_line' id='line_1_16' title="bbox 661 2961 2096 3058; baseline 0 -26"><span class='ocrx_word' id='word_1_154' title='bbox 661 2973 729 3032; x_wconf 87' lang='lat' dir='ltr'><strong>stus</strong></span> <span class='ocrx_word' id='word_1_155' title='bbox 752 2985 822 3034; x_wconf 86' lang='lat' dir='ltr'><strong>esse</strong></span> <span class='ocrx_word' id='word_1_156' title='bbox 845 2963 966 3034; x_wconf 89' lang='lat' dir='ltr'><strong>videris</strong></span> <span class='ocrx_word' id='word_1_157' title='bbox 989 2961 1193 3058; x_wconf 87' lang='lat' dir='ltr'><strong>presentibus</strong></span> <span class='ocrx_word' id='word_1_158' title='bbox 1216 2972 1249 3033; x_wconf 87' lang='lat' dir='ltr'><strong>et</strong></span> <span class='ocrx_word' id='word_1_159' title='bbox 1272 2962 1393 3033; x_wconf 86' lang='lat' dir='ltr'><strong>futuris</strong></span> <span class='ocrx_word' id='word_1_160' title='bbox 1425 2961 1460 3034; x_wconf 93' lang='lat' dir='ltr'><strong>in</strong></span> <span class='ocrx_word' id='word_1_161' title='bbox 1493 2962 1729 3055; x_wconf 89' lang='lat' dir='ltr'><strong>sempiternum</strong></span> <span class='ocrx_word' id='word_1_162' title='bbox 1761 2984 1823 3056; x_wconf 93' lang='lat' dir='ltr'><strong>pro</strong></span> <span class='ocrx_word' id='word_1_163' title='bbox 1852 2962 1973 3034; x_wconf 78' lang='lat' dir='ltr'><strong>rabdos</strong></span> <span class='ocrx_word' id='word_1_164' title='bbox 2008 2983 2096 3058; x_wconf 87' lang='lat' dir='ltr'><strong>qnos</strong></span> 
     </span>
     <span class='ocr_line' id='line_1_17' title="bbox 661 3089 2099 3186; baseline 0.001 -27"><span class='ocrx_word' id='word_1_165' title='bbox 661 3091 738 3160; x_wconf 91' lang='lat' dir='ltr'><strong>dare</strong></span> <span class='ocrx_word' id='word_1_166' title='bbox 763 3089 937 3161; x_wconf 87' lang='lat' dir='ltr'><strong>habuimus</strong></span> <span class='ocrx_word' id='word_1_167' title='bbox 960 3113 1022 3184; x_wconf 90' lang='lat' dir='ltr'><strong>pro</strong></span> <span class='ocrx_word' id='word_1_168' title='bbox 1046 3092 1154 3164; x_wconf 84' lang='lat' dir='ltr'><strong>anime</strong></span> <span class='ocrx_word' id='word_1_169' title='bbox 1177 3091 1343 3164; x_wconf 88' lang='lat' dir='ltr'><strong>nominate</strong></span> <span class='ocrx_word' id='word_1_170' title='bbox 1367 3113 1522 3186; x_wconf 86' lang='lat' dir='ltr'><strong>germane</strong></span> <span class='ocrx_word' id='word_1_171' title='bbox 1546 3102 1656 3164; x_wconf 88' lang='lat' dir='ltr'><strong>nostre</strong></span> <span class='ocrx_word' id='word_1_172' title='bbox 1691 3114 1751 3185; x_wconf 90' lang='lat' dir='ltr'><strong>per</strong></span> <span class='ocrx_word' id='word_1_173' title='bbox 1784 3091 1931 3164; x_wconf 90' lang='lat' dir='ltr'><strong>manibus</strong></span> <span class='ocrx_word' id='word_1_174' title='bbox 1962 3091 2014 3162; x_wconf 91' lang='lat' dir='ltr'><strong>tui</strong></span> <span class='ocrx_word' id='word_1_175' title='bbox 2044 3093 2099 3162; x_wconf 90' lang='lat' dir='ltr'><strong>si-</strong></span> 
     </span>
    </p>
   </div>
   <div class='ocr_carea' id='block_1_3' title="bbox 662 3218 2099 3954">
    <p class='ocr_par' dir='ltr' id='par_1_3' title="bbox 662 3218 2099 3954">
     <span class='ocr_line' id='line_1_18' title="bbox 662 3218 2090 3319; baseline 0.006 -33"><span class='ocrx_word' id='word_1_176' title='bbox 662 3218 733 3286; x_wconf 88' lang='lat' dir='ltr'><strong>mul</strong></span> <span class='ocrx_word' id='word_1_177' title='bbox 756 3229 789 3290; x_wconf 90' lang='lat' dir='ltr'><strong>et</strong></span> <span class='ocrx_word' id='word_1_178' title='bbox 812 3241 870 3311; x_wconf 90' lang='lat' dir='ltr'><strong>per</strong></span> <span class='ocrx_word' id='word_1_179' title='bbox 893 3241 1009 3288; x_wconf 92' lang='lat' dir='ltr'><strong>manus</strong></span> <span class='ocrx_word' id='word_1_180' title='bbox 1034 3221 1160 3292; x_wconf 93' lang='lat' dir='ltr'><strong>domini</strong></span> <span class='ocrx_word' id='word_1_181' title='bbox 1183 3221 1283 3314; x_wconf 89' lang='lat' dir='ltr'><strong>sergii</strong></span> <span class='ocrx_word' id='word_1_182' title='bbox 1308 3223 1367 3293; x_wconf 87' lang='lat' dir='ltr'><strong>filii</strong></span> <span class='ocrx_word' id='word_1_183' title='bbox 1391 3223 1516 3294; x_wconf 90' lang='lat' dir='ltr'><strong>domini</strong></span> <span class='ocrx_word' id='word_1_184' title='bbox 1540 3222 1760 3318; x_wconf 85' lang='lat' dir='ltr'><strong>christophori</strong></span> <span class='ocrx_word' id='word_1_185' title='bbox 1784 3225 1917 3319; x_wconf 91' lang='lat' dir='ltr'><strong>quidem</strong></span> <span class='ocrx_word' id='word_1_186' title='bbox 1941 3225 2090 3297; x_wconf 87' lang='lat' dir='ltr'><strong>tribuni:</strong></span> 
     </span>
     <span class='ocr_line' id='line_1_19' title="bbox 662 3341 2099 3443; baseline 0.008 -33"><span class='ocrx_word' id='word_1_187' title='bbox 662 3343 759 3411; x_wconf 90' lang='lat' dir='ltr'><strong>lDest</strong></span> <span class='ocrx_word' id='word_1_188' title='bbox 782 3341 817 3410; x_wconf 96' lang='lat' dir='ltr'><strong>in</strong></span> <span class='ocrx_word' id='word_1_189' title='bbox 833 3341 962 3433; x_wconf 89' lang='lat' dir='ltr'><strong>integro</strong></span> <span class='ocrx_word' id='word_1_190' title='bbox 986 3342 1066 3413; x_wconf 87' lang='lat' dir='ltr'><strong>duas</strong></span> <span class='ocrx_word' id='word_1_191' title='bbox 1090 3344 1192 3436; x_wconf 87' lang='lat' dir='ltr'><strong>petias</strong></span> <span class='ocrx_word' id='word_1_192' title='bbox 1216 3354 1343 3417; x_wconf 86' lang='lat' dir='ltr'><strong>nostras</strong></span> <span class='ocrx_word' id='word_1_193' title='bbox 1365 3347 1407 3417; x_wconf 91' lang='lat' dir='ltr'><strong>de</strong></span> <span class='ocrx_word' id='word_1_194' title='bbox 1430 3356 1534 3418; x_wconf 88' lang='lat' dir='ltr'><strong>terras</strong></span> <span class='ocrx_word' id='word_1_195' title='bbox 1557 3370 1639 3443; x_wconf 87' lang='lat' dir='ltr'><strong>quas</strong></span> <span class='ocrx_word' id='word_1_196' title='bbox 1661 3358 1822 3421; x_wconf 84' lang='lat' dir='ltr'><strong>vocantur</strong></span> <span class='ocrx_word' id='word_1_197' title='bbox 1846 3359 1879 3422; x_wconf 88' lang='lat' dir='ltr'><strong>et</strong></span> <span class='ocrx_word' id='word_1_198' title='bbox 1902 3351 2037 3443; x_wconf 90' lang='lat' dir='ltr'><strong>ponitur</strong></span> <span class='ocrx_word' id='word_1_199' title='bbox 2063 3352 2099 3422; x_wconf 92' lang='lat' dir='ltr'><strong>in</strong></span> 
     </span>
     <span class='ocr_line' id='line_1_20' title="bbox 663 3469 2098 3577; baseline 0.008 -37"><span class='ocrx_word' id='word_1_200' title='bbox 663 3471 738 3540; x_wconf 94' lang='lat' dir='ltr'><strong>loco</strong></span> <span class='ocrx_word' id='word_1_201' title='bbox 761 3469 820 3563; x_wconf 90' lang='lat' dir='ltr'><strong>qui</strong></span> <span class='ocrx_word' id='word_1_202' title='bbox 844 3479 981 3540; x_wconf 89' lang='lat' dir='ltr'><strong>vocatur</strong></span> <span class='ocrx_word' id='word_1_203' title='bbox 1004 3475 1210 3564; x_wconf 90' lang='lat' dir='ltr'><strong>nepetianum</strong></span> <span class='ocrx_word' id='word_1_204' title='bbox 1234 3475 1323 3569; x_wconf 89' lang='lat' dir='ltr'><strong>quod</strong></span> <span class='ocrx_word' id='word_1_205' title='bbox 1347 3483 1395 3546; x_wconf 89' lang='lat' dir='ltr'><strong>est</strong></span> <span class='ocrx_word' id='word_1_206' title='bbox 1418 3475 1453 3544; x_wconf 94' lang='lat' dir='ltr'><strong>in</strong></span> <span class='ocrx_word' id='word_1_207' title='bbox 1478 3500 1562 3570; x_wconf 87' lang='lat' dir='ltr'><strong>capu</strong></span> <span class='ocrx_word' id='word_1_208' title='bbox 1587 3478 1628 3549; x_wconf 93' lang='lat' dir='ltr'><strong>de</strong></span> <span class='ocrx_word' id='word_1_209' title='bbox 1652 3479 1739 3551; x_wconf 92' lang='lat' dir='ltr'><strong>clibo</strong></span> <span class='ocrx_word' id='word_1_210' title='bbox 1755 3479 1880 3552; x_wconf 90' lang='lat' dir='ltr'><strong>maiore</strong></span> <span class='ocrx_word' id='word_1_211' title='bbox 1904 3499 1996 3552; x_wconf 86' lang='lat' dir='ltr'><strong>secus</strong></span> <span class='ocrx_word' id='word_1_212' title='bbox 2019 3482 2098 3577; x_wconf 83' lang='lat' dir='ltr'><strong>gal-</strong></span> 
     </span>
     <span class='ocr_line' id='line_1_21' title="bbox 663 3594 2098 3702; baseline 0.01 -38"><span class='ocrx_word' id='word_1_213' title='bbox 663 3595 736 3664; x_wconf 93' lang='lat' dir='ltr'><strong>loro</strong></span> <span class='ocrx_word' id='word_1_214' title='bbox 760 3594 810 3690; x_wconf 89' lang='lat'><strong>(1)</strong></span> <span class='ocrx_word' id='word_1_215' title='bbox 836 3619 900 3667; x_wconf 90' lang='lat' dir='ltr'><strong>una</strong></span> <span class='ocrx_word' id='word_1_216' title='bbox 924 3617 999 3666; x_wconf 92' lang='lat' dir='ltr'><strong>cum</strong></span> <span class='ocrx_word' id='word_1_217' title='bbox 1025 3597 1196 3702; x_wconf 85' lang='lat' dir='ltr'><strong>arvoribus</strong></span> <span class='ocrx_word' id='word_1_218' title='bbox 1219 3609 1252 3670; x_wconf 92' lang='lat' dir='ltr'><strong>et</strong></span> <span class='ocrx_word' id='word_1_219' title='bbox 1275 3599 1424 3673; x_wconf 86' lang='lat' dir='ltr'><strong>introitas</strong></span> <span class='ocrx_word' id='word_1_220' title='bbox 1445 3625 1559 3674; x_wconf 88' lang='lat' dir='ltr'><strong>earum</strong></span> <span class='ocrx_word' id='word_1_221' title='bbox 1585 3605 1803 3700; x_wconf 83' lang='lat' dir='ltr'><strong>omnibusque</strong></span> <span class='ocrx_word' id='word_1_222' title='bbox 1827 3608 1875 3679; x_wconf 89' lang='lat' dir='ltr'><strong>eis</strong></span> <span class='ocrx_word' id='word_1_223' title='bbox 1905 3609 2098 3700; x_wconf 79' lang='lat' dir='ltr'><strong>generaliter</strong></span> 
     </span>
     <span class='ocr_line' id='line_1_22' title="bbox 663 3719 2099 3814; baseline 0.01 -23"><span class='ocrx_word' id='word_1_224' title='bbox 663 3720 913 3814; x_wconf 88' lang='lat' dir='ltr'><strong>pertinentibus.</strong></span> <span class='ocrx_word' id='word_1_225' title='bbox 932 3719 1115 3794; x_wconf 83' lang='lat' dir='ltr'><strong>Ceherento</strong></span> <span class='ocrx_word' id='word_1_226' title='bbox 1138 3724 1202 3796; x_wconf 93' lang='lat' dir='ltr'><strong>sivi</strong></span> <span class='ocrx_word' id='word_1_227' title='bbox 1226 3747 1291 3796; x_wconf 88' lang='lat' dir='ltr'><strong>una</strong></span> <span class='ocrx_word' id='word_1_228' title='bbox 1314 3752 1357 3799; x_wconf 85' lang='lat' dir='ltr'><strong>en</strong></span> <span class='ocrx_word' id='word_1_229' title='bbox 1381 3751 1419 3798; x_wconf 90' lang='lat' dir='ltr'><strong>ea</strong></span> <span class='ocrx_word' id='word_1_230' title='bbox 1437 3727 1502 3798; x_wconf 89' lang='lat' dir='ltr'><strong>hab</strong></span> <span class='ocrx_word' id='word_1_231' title='bbox 1527 3751 1593 3801; x_wconf 93' lang='lat' dir='ltr'><strong>uno</strong></span> <span class='ocrx_word' id='word_1_232' title='bbox 1617 3729 1719 3802; x_wconf 84' lang='lat' dir='ltr'><strong>latere</strong></span> <span class='ocrx_word' id='word_1_233' title='bbox 1743 3740 1832 3802; x_wconf 89' lang='lat' dir='ltr'><strong>terra</strong></span> <span class='ocrx_word' id='word_1_234' title='bbox 1855 3731 2007 3804; x_wconf 90' lang='lat' dir='ltr'><strong>iohannis</strong></span> <span class='ocrx_word' id='word_1_235' title='bbox 2030 3734 2099 3805; x_wconf 85' lang='lat' dir='ltr'><strong>filio</strong></span> 
     </span>
     <span class='ocr_line' id='line_1_23' title="bbox 663 3849 2096 3954; baseline 0.008 -34"><span class='ocrx_word' id='word_1_236' title='bbox 663 3850 846 3942; x_wconf 88' lang='lat' dir='ltr'><strong>pantaleoni</strong></span> <span class='ocrx_word' id='word_1_237' title='bbox 870 3849 1001 3922; x_wconf 86' lang='lat' dir='ltr'><strong>comitis</strong></span> <span class='ocrx_word' id='word_1_238' title='bbox 1023 3850 1123 3922; x_wconf 89' lang='lat' dir='ltr'><strong>simul</strong></span> <span class='ocrx_word' id='word_1_239' title='bbox 1146 3862 1180 3925; x_wconf 92' lang='lat' dir='ltr'><strong>et</strong></span> <span class='ocrx_word' id='word_1_240' title='bbox 1203 3863 1289 3926; x_wconf 80' lang='lat' dir='ltr'><strong>terre</strong></span> <span class='ocrx_word' id='word_1_241' title='bbox 1313 3855 1471 3929; x_wconf 90' lang='lat' dir='ltr'><strong>heredum</strong></span> <span class='ocrx_word' id='word_1_242' title='bbox 1496 3858 1629 3954; x_wconf 90' lang='lat' dir='ltr'><strong>quidem</strong></span> <span class='ocrx_word' id='word_1_243' title='bbox 1652 3857 1741 3932; x_wconf 91' lang='lat' dir='ltr'><strong>leoni</strong></span> <span class='ocrx_word' id='word_1_244' title='bbox 1773 3859 1814 3932; x_wconf 87' lang='lat' dir='ltr'><strong>de</strong></span> <span class='ocrx_word' id='word_1_245' title='bbox 1843 3861 2024 3932; x_wconf 76' lang='lat' dir='ltr'><strong>iunhnule.</strong></span> <span class='ocrx_word' id='word_1_246' title='bbox 2062 3871 2096 3932; x_wconf 93' lang='lat' dir='ltr'><strong>et</strong></span> 
     </span>
    </p>
   </div>
   <div class='ocr_carea' id='block_1_4' title="bbox 666 4198 2101 5071">
    <p class='ocr_par' dir='ltr' id='par_1_4' title="bbox 666 4198 2101 5071">
     <span class='ocr_line' id='line_1_24' title="bbox 745 4198 2098 4285; baseline 0.003 -27"><span class='ocrx_word' id='word_1_247' title='bbox 745 4198 793 4279; x_wconf 88' lang='lat'><strong>(1)</strong></span> <span class='ocrx_word' id='word_1_248' title='bbox 815 4201 1034 4277; x_wconf 70' lang='lat' dir='ltr'><strong>Neprctianum</strong></span> <span class='ocrx_word' id='word_1_249' title='bbox 1055 4217 1086 4262; x_wconf 85' lang='lat' dir='ltr'><strong>et</strong></span> <span class='ocrx_word' id='word_1_250' title='bbox 1110 4203 1279 4262; x_wconf 83' lang='lat' dir='ltr'><strong>Gallorum</strong></span> <span class='ocrx_word' id='word_1_251' title='bbox 1294 4201 1378 4266; x_wconf 88' lang='lat' dir='ltr'><strong>locos</strong></span> <span class='ocrx_word' id='word_1_252' title='bbox 1399 4205 1511 4280; x_wconf 87' lang='lat' dir='ltr'><strong>fuisse,</strong></span> <span class='ocrx_word' id='word_1_253' title='bbox 1532 4205 1587 4285; x_wconf 87' lang='lat' dir='ltr'><strong>qui</strong></span> <span class='ocrx_word' id='word_1_254' title='bbox 1607 4205 1640 4264; x_wconf 91' lang='lat' dir='ltr'><strong>in</strong></span> <span class='ocrx_word' id='word_1_255' title='bbox 1657 4207 1763 4285; x_wconf 78' lang='lat' dir='ltr'><strong>Caput</strong></span> <span class='ocrx_word' id='word_1_256' title='bbox 1782 4205 1819 4266; x_wconf 84' lang='lat' dir='ltr'><strong>de</strong></span> <span class='ocrx_word' id='word_1_257' title='bbox 1834 4203 1912 4265; x_wconf 81' lang='lat' dir='ltr'><strong>elido</strong></span> <span class='ocrx_word' id='word_1_258' title='bbox 1928 4203 2098 4280; x_wconf 75' lang='lat' dir='ltr'><strong>extabant,</strong></span> 
     </span>
     <span class='ocr_line' id='line_1_25' title="bbox 666 4309 2099 4392; baseline 0.007 -26"><span class='ocrx_word' id='word_1_259' title='bbox 666 4320 732 4366; x_wconf 85' lang='lat' dir='ltr'><strong>tum</strong></span> <span class='ocrx_word' id='word_1_260' title='bbox 752 4327 893 4389; x_wconf 87' lang='lat' dir='ltr'><strong>praesens</strong></span> <span class='ocrx_word' id='word_1_261' title='bbox 913 4323 980 4372; x_wconf 84' lang='lat' dir='ltr'><strong>turn</strong></span> <span class='ocrx_word' id='word_1_262' title='bbox 1001 4309 1160 4392; x_wconf 81' lang='lat' dir='ltr'><strong>complura</strong></span> <span class='ocrx_word' id='word_1_263' title='bbox 1181 4311 1244 4373; x_wconf 92' lang='lat' dir='ltr'><strong>alia</strong></span> <span class='ocrx_word' id='word_1_264' title='bbox 1270 4315 1440 4374; x_wconf 85' lang='lat' dir='ltr'><strong>monasterii</strong></span> <span class='ocrx_word' id='word_1_265' title='bbox 1467 4315 1686 4377; x_wconf 63' lang='lat' dir='ltr'><strong>&amp;sebastiani</strong></span> <span class='ocrx_word' id='word_1_266' title='bbox 1712 4316 1913 4376; x_wconf 83' lang='lat' dir='ltr'><strong>instrumenta</strong></span> <span class='ocrx_word' id='word_1_267' title='bbox 1942 4327 2099 4376; x_wconf 79' lang='lat' dir='ltr'><strong>testantur.</strong></span> 
     </span>
     <span class='ocr_line' id='line_1_26' title="bbox 670 4421 2098 4510; baseline 0.004 -30"><span class='ocrx_word' id='word_1_268' title='bbox 670 4423 778 4502; x_wconf 82' lang='lat' dir='ltr'><strong>Caput</strong></span> <span class='ocrx_word' id='word_1_269' title='bbox 798 4440 873 4484; x_wconf 87' lang='lat' dir='ltr'><strong>vero</strong></span> <span class='ocrx_word' id='word_1_270' title='bbox 893 4421 1024 4484; x_wconf 60' lang='lat' dir='ltr'><strong>deciate</strong></span> <span class='ocrx_word' id='word_1_271' title='bbox 1039 4424 1101 4485; x_wconf 86' lang='lat' dir='ltr'><strong>sive</strong></span> <span class='ocrx_word' id='word_1_272' title='bbox 1116 4424 1269 4503; x_wconf 82' lang='lat' dir='ltr'><strong>declivo,</strong></span> <span class='ocrx_word' id='word_1_273' title='bbox 1291 4425 1376 4508; x_wconf 92' lang='lat' dir='ltr'><strong>quod</strong></span> <span class='ocrx_word' id='word_1_274' title='bbox 1390 4425 1556 4506; x_wconf 60' lang='lat' dir='ltr'><strong>«possesio</strong></span> <span class='ocrx_word' id='word_1_275' title='bbox 1568 4448 1648 4488; x_wconf 90' lang='lat' dir='ltr'><strong>nunc</strong></span> <span class='ocrx_word' id='word_1_276' title='bbox 1664 4426 1842 4510; x_wconf 79' lang='lat' dir='ltr'><strong>appellatur</strong></span> <span class='ocrx_word' id='word_1_277' title='bbox 1861 4431 1948 4508; x_wconf 80' lang='lat' dir='ltr'><strong>Cape</strong></span> <span class='ocrx_word' id='word_1_278' title='bbox 1969 4425 2004 4487; x_wconf 77' lang='lat' dir='ltr'><strong>dt</strong></span> <span class='ocrx_word' id='word_1_279' title='bbox 2018 4423 2098 4488; x_wconf 77' lang='lat' dir='ltr'><strong>Chi·</strong></span> 
     </span>
     <span class='ocr_line' id='line_1_27' title="bbox 667 4536 2099 4624; baseline 0.003 -27"><span class='ocrx_word' id='word_1_280' title='bbox 667 4557 731 4613; x_wconf 83' lang='lat' dir='ltr'><strong>no,</strong></span> <span class='ocrx_word' id='word_1_281' title='bbox 753 4538 788 4598; x_wconf 90' lang='lat' dir='ltr'><strong>in</strong></span> <span class='ocrx_word' id='word_1_282' title='bbox 808 4536 992 4600; x_wconf 86' lang='lat' dir='ltr'><strong>documentis</strong></span> <span class='ocrx_word' id='word_1_283' title='bbox 1012 4539 1069 4601; x_wconf 86' lang='lat' dir='ltr'><strong>sub</strong></span> <span class='ocrx_word' id='word_1_284' title='bbox 1089 4539 1343 4622; x_wconf 81' lang='lat' dir='ltr'><strong>andegavensium</strong></span> <span class='ocrx_word' id='word_1_285' title='bbox 1363 4543 1481 4622; x_wconf 86' lang='lat' dir='ltr'><strong>Regum</strong></span> <span class='ocrx_word' id='word_1_286' title='bbox 1507 4540 1664 4602; x_wconf 87' lang='lat' dir='ltr'><strong>dominatu</strong></span> <span class='ocrx_word' id='word_1_287' title='bbox 1690 4543 1862 4624; x_wconf 82' lang='lat' dir='ltr'><strong>conscriptis</strong></span> <span class='ocrx_word' id='word_1_288' title='bbox 1885 4555 2099 4624; x_wconf 87' lang='lat' dir='ltr'><strong>nuncupatum</strong></span> 
     </span>
     <span class='ocr_line' id='line_1_28' title="bbox 667 4646 2098 4732; baseline 0.002 -25"><span class='ocrx_word' id='word_1_289' title='bbox 667 4649 799 4709; x_wconf 86' lang='lat' dir='ltr'><strong>occurrit</strong></span> <span class='ocrx_word' id='word_1_290' title='bbox 830 4657 931 4728; x_wconf 82' lang='lat' dir='ltr'><strong>eaput</strong></span> <span class='ocrx_word' id='word_1_291' title='bbox 955 4646 994 4709; x_wconf 80' lang='lat' dir='ltr'><strong>de</strong></span> <span class='ocrx_word' id='word_1_292' title='bbox 1026 4650 1109 4726; x_wconf 81' lang='lat' dir='ltr'><strong>clio,</strong></span> <span class='ocrx_word' id='word_1_293' title='bbox 1142 4648 1180 4710; x_wconf 81' lang='lat' dir='ltr'><strong>de</strong></span> <span class='ocrx_word' id='word_1_294' title='bbox 1209 4648 1312 4729; x_wconf 77' lang='lat' dir='ltr'><strong>odiu,</strong></span> <span class='ocrx_word' id='word_1_295' title='bbox 1340 4651 1431 4711; x_wconf 77' lang='lat' dir='ltr'><strong>elicii</strong></span> <span class='ocrx_word' id='word_1_296' title='bbox 1457 4663 1487 4712; x_wconf 89' lang='lat' dir='ltr'><strong>et</strong></span> <span class='ocrx_word' id='word_1_297' title='bbox 1505 4649 1574 4730; x_wconf 67' lang='lat' dir='ltr'><strong>ptis·</strong></span> <span class='ocrx_word' id='word_1_298' title='bbox 1584 4693 1594 4726; x_wconf 86' lang='lat'>‚</span> <span class='ocrx_word' id='word_1_299' title='bbox 1626 4663 1721 4732; x_wconf 86' lang='lat' dir='ltr'><strong>prout</strong></span> <span class='ocrx_word' id='word_1_300' title='bbox 1751 4651 1926 4715; x_wconf 81' lang='lat' dir='ltr'><strong>observavit</strong></span> <span class='ocrx_word' id='word_1_301' title='bbox 1955 4647 2098 4710; x_wconf 83' lang='lat' dir='ltr'><strong>Claritius</strong></span> 
     </span>
     <span class='ocr_line' id='line_1_29' title="bbox 667 4759 2101 4844; baseline 0.001 -26"><span class='ocrx_word' id='word_1_302' title='bbox 667 4759 679 4840; x_wconf 88' lang='lat'><strong>(</strong></span> <span class='ocrx_word' id='word_1_303' title='bbox 689 4779 768 4838; x_wconf 82' lang='lat' dir='ltr'><strong>pag.</strong></span> <span class='ocrx_word' id='word_1_304' title='bbox 792 4759 899 4841; x_wconf 70' lang='lat'><em>176),</em></span> <span class='ocrx_word' id='word_1_305' title='bbox 919 4759 974 4841; x_wconf 89' lang='lat' dir='ltr'><strong>qui</strong></span> <span class='ocrx_word' id='word_1_306' title='bbox 994 4774 1148 4843; x_wconf 83' lang='lat' dir='ltr'><strong>praeterea</strong></span> <span class='ocrx_word' id='word_1_307' title='bbox 1170 4761 1181 4843; x_wconf 92' lang='lat'>(</span> <span class='ocrx_word' id='word_1_308' title='bbox 1201 4783 1277 4843; x_wconf 80' lang='lat' dir='ltr'><strong>pag.</strong></span> <span class='ocrx_word' id='word_1_309' title='bbox 1298 4759 1352 4822; x_wconf 71' lang='lat'><strong>151</strong></span> <span class='ocrx_word' id='word_1_310' title='bbox 1376 4761 1388 4844; x_wconf 87' lang='lat'>)</span> <span class='ocrx_word' id='word_1_311' title='bbox 1420 4760 1536 4822; x_wconf 86' lang='lat' dir='ltr'><strong>dictum</strong></span> <span class='ocrx_word' id='word_1_312' title='bbox 1557 4781 1681 4844; x_wconf 86' lang='lat' dir='ltr'><strong>quoque</strong></span> <span class='ocrx_word' id='word_1_313' title='bbox 1706 4763 1823 4823; x_wconf 87' lang='lat' dir='ltr'><strong>invenit</strong></span> <span class='ocrx_word' id='word_1_314' title='bbox 1843 4767 1875 4825; x_wconf 88' lang='lat' dir='ltr'><strong>S.</strong></span> <span class='ocrx_word' id='word_1_315' title='bbox 1897 4765 2032 4823; x_wconf 80' lang='lat' dir='ltr'><strong>Petrum</strong></span> <span class='ocrx_word' id='word_1_316' title='bbox 2053 4759 2101 4821; x_wconf 86' lang='lat' dir='ltr'><strong>ad</strong></span> 
     </span>
     <span class='ocr_line' id='line_1_30' title="bbox 667 4872 2099 4956; baseline 0 -26"><span class='ocrx_word' id='word_1_317' title='bbox 667 4873 846 4932; x_wconf 83' lang='lat' dir='ltr'><strong>Paternum</strong></span> <span class='ocrx_word' id='word_1_318' title='bbox 868 4873 932 4934; x_wconf 87' lang='lat' dir='ltr'><strong>aive</strong></span> <span class='ocrx_word' id='word_1_319' title='bbox 952 4872 1132 4934; x_wconf 81' lang='lat' dir='ltr'><strong>Liburnam</strong></span> <span class='ocrx_word' id='word_1_320' title='bbox 1152 4875 1185 4933; x_wconf 89' lang='lat' dir='ltr'><strong>in</strong></span> <span class='ocrx_word' id='word_1_321' title='bbox 1206 4873 1397 4956; x_wconf 88' lang='lat' dir='ltr'><strong>diplomate,</strong></span> <span class='ocrx_word' id='word_1_322' title='bbox 1418 4893 1481 4955; x_wconf 91' lang='lat' dir='ltr'><strong>quo</strong></span> <span class='ocrx_word' id='word_1_323' title='bbox 1503 4875 1616 4954; x_wconf 81' lang='lat' dir='ltr'><strong>Regina</strong></span> <span class='ocrx_word' id='word_1_324' title='bbox 1636 4874 1744 4936; x_wconf 85' lang='lat' dir='ltr'><strong>Sancia</strong></span> <span class='ocrx_word' id='word_1_325' title='bbox 1764 4873 1889 4936; x_wconf 84' lang='lat' dir='ltr'><strong>Roberti</strong></span> <span class='ocrx_word' id='word_1_326' title='bbox 1909 4873 1999 4956; x_wconf 84' lang='lat' dir='ltr'><strong>Regis</strong></span> <span class='ocrx_word' id='word_1_327' title='bbox 2019 4891 2099 4935; x_wconf 86' lang='lat' dir='ltr'><strong>uxor</strong></span> 
     </span>
     <span class='ocr_line' id='line_1_31' title="bbox 669 4979 1970 5071; baseline 0.002 -28"><span class='ocrx_word' id='word_1_328' title='bbox 669 4979 814 5064; x_wconf 86' lang='lat' dir='ltr'><strong>pleraque</strong></span> <span class='ocrx_word' id='word_1_329' title='bbox 833 4981 946 5045; x_wconf 91' lang='lat' dir='ltr'><strong>ibidem</strong></span> <span class='ocrx_word' id='word_1_330' title='bbox 966 4988 1097 5048; x_wconf 81' lang='lat' dir='ltr'><strong>extantia</strong></span> <span class='ocrx_word' id='word_1_331' title='bbox 1118 4985 1239 5071; x_wconf 88' lang='lat' dir='ltr'><strong>praedia</strong></span> <span class='ocrx_word' id='word_1_332' title='bbox 1259 4985 1312 5050; x_wconf 85' lang='lat' dir='ltr'><strong>SS.</strong></span> <span class='ocrx_word' id='word_1_333' title='bbox 1333 4988 1473 5069; x_wconf 82' lang='lat' dir='ltr'><strong>Corporis</strong></span> <span class='ocrx_word' id='word_1_334' title='bbox 1494 4985 1606 5046; x_wconf 89' lang='lat' dir='ltr'><strong>Christi</strong></span> <span class='ocrx_word' id='word_1_335' title='bbox 1625 4988 1812 5048; x_wconf 85' lang='lat' dir='ltr'><strong>monasterio</strong></span> <span class='ocrx_word' id='word_1_336' title='bbox 1832 4987 1970 5047; x_wconf 87' lang='lat' dir='ltr'><strong>donavit.</strong></span> 
     </span>
    </p>
   </div>
   <div class='ocr_carea' id='block_1_5' title="bbox 0 0 2372 6512">
    <p class='ocr_par' dir='ltr' id='par_1_5' title="bbox 0 0 2372 6512">
     <span class='ocr_line' id='line_1_32' title="bbox 0 0 2372 6512; baseline 0 0"><span class='ocrx_word' id='word_1_337' title='bbox 0 0 2372 6512; x_wconf 95' lang='lat' dir='ltr'><strong> </strong></span> 
     </span>
    </p>
   </div>
  </div>
 </body>
</html>
