4616 6532
1561 674 1656 736 XVll

229 805 283 892 ad
311 805 639 896 commodiorem
686 812 1069 926 prosperioremque
1107 809 1386 902 conditionem
1407 812 1560 904 adduci
1579 845 1654 928 per

225 985 266 1038 se
295 952 469 1066 quidem
498 956 610 1064 ipsae
637 955 899 1066 nequibant,
951 987 1050 1040 cum
1092 959 1322 1071 plurimam
1363 957 1652 1047 infirmitatem

223 1099 521 1208 praeseferrent
548 1117 642 1183 tum
670 1127 819 1204 novae,
850 1129 958 1212 quae
987 1102 1227 1188 aBarbaris
1255 1107 1441 1190 invectae
1462 1105 1653 1192 nondum

225 1240 338 1352 apud
366 1260 525 1325 nostras
553 1267 647 1323 oras
677 1239 972 1350 adoleverant,
1017 1263 1111 1328 turn
1150 1265 1345 1348 veteres,
1392 1276 1500 1359 quae
1538 1249 1650 1338 senio

224 1379 322 1460 iam'
339 1377 688 1484 oblanguescere,
720 1407 767 1463 ac
796 1380 966 1464 omnino
995 1378 1140 1466 confici
1182 1381 1445 1474 videbantur.
1486 1384 1655 1487 Quam-

223 1519 368 1604 obrem
397 1548 501 1631 opus
529 1519 676 1604 fuisset
703 1517 991 1631 Principibus,
1022 1522 1097 1636 qui
1124 1551 1200 1609 sua
1228 1522 1509 1629 fortitudine,
1547 1542 1650 1610 stre-

224 1663 383 1746 nuitate
412 1691 460 1746 ac
489 1664 719 1750 constantia
737 1662 843 1750 illud
861 1666 1165 1776 praestitissent,
1188 1666 1303 1780 quod
1323 1697 1377 1750 ex
1398 1669 1486 1780 ipsa
1505 1697 1652 1753 rerum

223 1825 374 1890 natura
402 1806 512 1892 ultro
532 1825 635 1891 tuno
656 1805 847 1892 devivari
865 1834 950 1890 non
968 1823 1146 1916 poterat.
1169 1809 1226 1892 At
1246 1809 1443 1918 quamvis
1463 1808 1651 1921 plerique

226 1947 749 2060 eorumdem'Principum
789 1947 967 2058 suscepti
1007 1965 1139 2033 essent
1167 1977 1190 2029 e
1217 1948 1427 2034 connubio
1474 1979 1652 2036 suorum

227 2109 454 2202 parentum
483 2119 579 2174 oum
609 2088 826 2192 foeminis,
858 2118 967 2202 quae
996 2090 1125 2203 ipsius
1152 2088 1407 2178 Theodorici
1423 2090 1559 2201 filiae,
1583 2097 1651 2182 vel

227 2235 488 2345 propinquae
516 2234 695 2335 fuerant,
715 2263 739 2316 a
757 2233 1038 2319 consectandis
1066 2251 1206 2320 tamen
1235 2236 1554 2348 praeclarissimi
1574 2243 1645 2326 avi

223 2378 287 2460 sui
326 2375 506 2486 vestigiis
535 2361 858 2460 abhorruerunt.
888 2377 1156 2491 Quapropter
1177 2408 1240 2482 ea,
1272 2407 1380 2493 quae
1409 2383 1487 2466 sub
1526 2380 1654 2466 huiu-

223 2545 287 2602 sce
319 2516 444 2626 Regis
473 2515 697 2604 dominatu
727 2518 972 2604 reviviscere
1014 2520 1195 2606 maiores
1236 2523 1366 2610 nostri
1405 2523 1648 2611 laetabundi

226 2661 312 2744 iam
342 2659 721 2776 conspicabantur,
766 2659 893 2744 simul
936 2689 1038 2745 cum
1065 2661 1333 2772 eo'protinus
1377 2663 1645 2755 interierunt.

221 2803 522 2918 Aerumnosior
550 2803 726 2914 posthac
753 2831 895 2890 rerum
925 2804 1107 2890 conditio
1136 2808 1380 2918 praesertim
1410 2809 1527 2921 apud
1562 2811 1649 2895 Ita-

221 2946 280 3030 los
310 2948 440 3033 evasit
460 2977 512 3032 ex
533 2947 908 3057 Langobardorum
929 2948 1153 3052 adventu‚.
1169 2951 1259 3061 qui,
1282 2980 1380 3037 cum
1400 2954 1548 3036 nostris
1568 2953 1649 3038 oris

222 3093 492 3201 appulerunt,
524 3093 658 3175 cuivis
677 3091 959 3176 Barbarorum
977 3096 1117 3202 generi
1137 3098 1399 3178 immanitate
1419 3096 1647 3198 anteibant,

223 3244 263 3311 et
292 3227 505 3340 politiores
533 3249 639 3314 artes
667 3226 765 3312 odio
794 3233 1168 3343 prosequebantur.
1200 3233 1351 3344 Itaque
1378 3261 1455 3344 per
1482 3264 1531 3320 ea
1561 3265 1652 3318 sae-,

222 3368 444 3455 eulaeum
473 3399 629 3456 ornnes.
646 3370 863 3484 Europae,
895 3400 943 3456 ac
972 3373 1161 3456 maxime
1188 3372 1332 3459 ltaliae
1360 3376 1506 3488 populi
1535 3375 1652 3466 bellis

222 3511 476 3626 caeterisque
496 3513 805 3600 calamitatibus
833 3514 1116 3598 miserrimum
1146 3514 1190 3599 in
1211 3517 1388 3603 modum
1407 3516 1651 3608 distineren-

222 3667 319 3754 tur,
350 3681 511 3738 novum
539 3652 645 3739 illud
674 3655 784 3742 vitac
813 3681 962 3762 genua,
985 3655 1101 3766 quod
1122 3658 1268 3767 populi
1288 3657 1646 3767 ingrediebantur,

222 3794 407 3903 plurima
429 3793 603 3884 offendit
617 3796 939 3907 impedimenta,
957 3827 1065 3913 quae
1078 3799 1207 3909 ipsius
1227 3801 1532 3888 incrementum
1544 3806 1651 3890 iam-

224 3933 299 4023 diu
326 3936 607 4024 retardarunt.
641 3937 950 4024 Verumtamen
981 3941 1187 4024 intereas
1220 3941 1331 4052 ipsas
1369 3971 1514 4030 rerum
1560 3963 1652 4033 tur-

224 4081 426 4184 bationes,
449 4110 498 4168 ao
526 4080 749 4172 bellorum,
765 4081 956 4168 incendia
984 4111 1069 4166 nou
1098 4112 1231 4190 pauca
1259 4084 1436 4198 quidem
1464 4090 1649 4178 suborie-

223 4223 382 4308 bantur
408 4223 568 4312 semiua
604 4223 895 4310 institutorum
943 4250 1199 4336 morumque
1248 4225 1458 4334 illorum,
1495 4231 1650 4345 quibus

226 4397 335 4452 nova
365 4367 590 4454 homiuum
618 4366 708 4450 vita
735 4363 958 4450 informari
986 4365 1239 4475 oportebat,
1271 4385 1312 4450 et
1341 4399 1451 4484 quae
1485 4375 1652 4486 sequio-

228 4510 348 4595 ribus
376 4536 502 4621 porro
521 4506 792 4620 temporibus
832 4505 991 4594 fructus
1030 4505 1263 4592 uberrimos
1306 4509 1547 4601 ediderunt.

337 4651 389 4736 ln
418 4651 566 4765 primis
585 4648 834 4734 christianae
853 4648 1059 4759 religionis
1078 4649 1326 4740 documenta
1344 4655 1405 4740 ita
1424 4658 1535 4745 inter
1555 4661 1651 4746 bar-

227 4797 388 4882 barioas
416 4797 508 4882 illas
536 4795 725 4882 nationes
752 4792 1087 4899 disserebantur,
1118 4812 1167 4877 ut
1186 4824 1334 4881 earum
1355 4818 1515 4886 mentes
1539 4807 1653 4888 exci-

227 4939 404 5056 piendae
433 4941 653 5046 culturae,
684 4967 813 5055 quam
842 4937 1005 5026 saecula
1041 4938 1139 5026 dein
1178 4939 1427 5049 attulerunt,
1464 4951 1654 5039 maxime
