4692 6512
886 635 1035 734 (aar)

868 928 1036 1001 xxxvii.

338 1183 430 1280 †ln
458 1185 590 1256 nomine
619 1182 744 1257 domiui
773 1181 826 1255 dei
852 1183 1021 1257 salvatoris
1047 1183 1149 1256 nostri
1169 1181 1263 1256 ihesu
1283 1180 1395 1254 christi
1419 1188 1596 1276 imperante
1612 1183 1669 1254 do-
1735 1207 1790 1257 an.

241 1319 334 1391 mino
358 1327 471 1390 nostro
497 1317 707 1390 Constantino
740 1313 973 1408 porfirogenito
1008 1334 1127 1406 magno
1160 1311 1357 1406 imperatore
1393 1333 1479 1384 anno
1502 1310 1665 1385 tricesimo
1722 1313 1800 1378 942.

239 1448 364 1542 quinto.
389 1450 445 1520 sed
470 1456 503 1520 et
526 1467 664 1517 romano
679 1463 801 1534 magno
824 1439 1021 1535 imperatore
1045 1461 1131 1512 amro
1155 1438 1313 1512 vicesimo
1336 1441 1501 1515 secundos
1520 1439 1583 1514 Die
1600 1439 1665 1512 tri-

238 1575 358 1646 cesima
384 1573 503 1644 mensis
526 1571 637 1644 martii
661 1569 838 1642 indictione
861 1569 966 1662 prima
989 1567 1139 1662 neapoli:
1166 1566 1299 1640 Certum
1331 1576 1380 1642 est
1413 1591 1467 1640 me
1489 1565 1663 1642 iohannem

237 1701 341 1772 filium
367 1701 501 1796 quidem
525 1699 650 1772 domini
673 1699 758 1792 petri
781 1695 946 1790 magnifici
971 1705 1004 1767 et
1028 1695 1161 1790 quidem
1183 1696 1286 1769 marie
1309 1696 1444 1770 honesta
1468 1695 1587 1770 [emina
1603 1695 1662 1769 iu-

237 1823 362 1917 galium
386 1845 622 1917 personarum:
650 1823 680 1892 Α
703 1819 844 1915 presenti
868 1818 921 1890 die
944 1819 1184 1913 promptissima
1207 1819 1374 1892 voluntate
1401 1843 1463 1914 pro
1478 1820 1662 1892 redemtio·

236 1948 288 2019 nis
312 1959 345 2020 et
370 1947 556 2019 salvationis
582 1946 688 2017 anime
711 1967 784 2015 mee
800 1943 926 2016 Offerre
950 1952 982 2014 et
1006 1941 1108 2014 offero
1133 1946 1238 2038 adque
1261 1943 1296 2016 in
1319 1949 1460 2038 presenti
1480 1943 1661 2018 contradidi

237 2074 333 2144 vobis
357 2073 493 2146 domino
517 2073 687 2144 benedicto
709 2069 865 2162 religioso
888 2069 1044 2162 igumeno
1067 2069 1256 2143 monasterii
1280 2078 1465 2141 sanctorum
1499 2072 1598 2165 sergii
1628 2081 1660 2144 et

231 2200 327 2272 bachi
351 2199 410 2296 qui
434 2223 522 2271 nunc
544 2207 759 2292 congregatus
784 2219 852 2268 esse
875 2197 1004 2267 videtur
1029 2197 1064 2267 in
1086 2198 1283 2270 monasterio
1307 2207 1494 2270 sanctorum
1508 2197 1658 2271 theodori

229 2337 263 2399 et
281 2327 453 2398 sebastiani
471 2327 529 2420 qui
553 2335 688 2396 vocatur
708 2325 865 2418 casapicta
889 2325 988 2394 situm
1008 2321 1042 2392 in
1060 2323 1277 2396 viridiarium.
1296 2325 1390 2397 lDest
1406 2322 1547 2418 hospites
1568 2346 1657 2399 meos

228 2454 380 2525 fundatos
411 2451 544 2523 numiue
567 2449 724 2544 stephano
741 2461 772 2520 et
797 2449 952 2520 rimmino
974 2448 1080 2518 thium
1098 2457 1130 2520 et
1158 2457 1308 2542 nepotem
1326 2449 1366 2522 de
1390 2450 1464 2520 loco
1487 2451 1547 2546 qui
1562 2472 1657 2524 voca·

227 2589 283 2648 tur
307 2575 415 2669 pirum
439 2571 604 2646 territorio
628 2571 790 2644 libiniano
815 2571 862 2666 (r)
880 2595 945 2643 una
968 2593 1044 2642 cum
1069 2569 1228 2643 uxoribus
1253 2582 1286 2644 et
1308 2573 1382 2646 filiis
1405 2573 1531 2646 filiabus
1555 2597 1656 2649 nurus

304 2949 350 3032 (r)
374 2950 580 3010 Territorium
603 2948 807 3010 liburianrrm
828 2947 860 3008 in
880 2945 1031 3031 plerisque
1050 2947 1230 3008 membranis
1255 2947 1292 3008 ad
1313 2935 1487 3012 monasterii
1507 2951 1537 3014 S.
1557 2951 1654 3014 Seba-

223 3063 312 3125 stiani
333 3062 494 3126 archivum
508 3061 583 3123 olim
604 3061 810 3146 spectantibus
824 3074 984 3143 usurpatur
1004 3079 1061 3143 pro
1074 3080 1170 3144 agro,
1190 3061 1245 3144 qui
1265 3062 1393 3143 sequiori
1414 3079 1490 3125 aevo
1503 3082 1519 3124 e
1533 3065 1653 3126 nomine

221 3173 304 3234 urbis
324 3170 438 3231 ibidem
457 3193 475 3232 a
495 3172 690 3233 Nortmannis
713 3169 849 3230 conditae
869 3189 1042 3231 aversanus
1065 3168 1125 3232 fuit
1145 3171 1328 3254 appellatus.
1354 3172 1431 3254 Ager
1450 3172 1500 3234 hic
1520 3193 1574 3256 per
1595 3194 1651 3236 an-

221 3281 354 3360 tiquiora
374 3291 508 3362 tempora
527 3289 718 3361 nuncupatus
739 3276 797 3340 tuis
816 3276 996 3340 tiburianus
1024 3299 1062 3340 ex
1086 3300 1148 3358 eo,
1182 3279 1267 3362 quod
1297 3279 1362 3361 ipse
1392 3283 1651 3366 complectebatur

219 3415 287 3453 eam
307 3395 442 3475 campani
464 3393 527 3475 agri
548 3403 689 3475 partem,
711 3411 789 3475 quac
810 3389 965 3456 Leboriae
984 3393 1191 3453 Romanorum
1213 3413 1287 3454 aevo
1305 3391 1505 3472 dicebantur,
1537 3399 1584 3461 uti
1604 3410 1651 3462 te-

220 3518 316 3565 statur
336 3503 479 3581 Plinius,
512 3506 566 3587 qui
587 3503 698 3587 (Hist.
719 3513 786 3566 ncrt.
806 3502 857 3567 lib.
877 3507 982 3570 XIII.
1003 3525 1075 3586 cup.
1096 3503 1162 3586 rr.)
1193 3505 1315 3589 inquit:
1347 3509 1512 3584 Quantum
1541 3521 1648 3573 autern

222 3620 384 3678 universes
404 3629 504 3679 terras
524 3639 658 3698 campus
677 3638 858 3698 campanus
877 3616 1054 3688 antecedit,
1075 3629 1200 3679 tantum
1219 3622 1325 3700 ipsum
1357 3621 1425 3681 eius
1440 3641 1519 3702 pars
1530 3667 1540 3701 ,
1563 3645 1648 3706 quae

216 3733 362 3794 Leboriae
382 3743 558 3806 uocantur,
582 3751 675 3812 quens
701 3733 822 3791 Graeci
844 3732 1056 3810 Phlegraeum
1076 3731 1247 3811 appellunt.
1270 3731 1444 3796 Laberium
1458 3735 1543 3796 hunc
1564 3755 1648 3798 cam·

221 3866 299 3926 pum
320 3844 486 3925 antiquitus
506 3842 596 3902 fuisse
615 3843 690 3903 inter
703 3842 811 3903 Cumas
823 3887 833 3920 ,
854 3841 998 3906 Puteolos
1019 3855 1049 3902 et
1071 3842 1207 3925 Capuam
1232 3855 1315 3928 patet
1336 3863 1373 3906 cx
1394 3843 1499 3908 eodem
1515 3847 1643 3927 Plinio,

220 3958 278 4037 qui
298 3957 397 4037 ipsum
417 3955 555 4015 habuisse
576 3953 709 4038 prodidit
729 3955 767 4014 ab
787 3968 914 4036 utroque
934 3953 1027 4016 latere
1048 3955 1131 4018 viam
1149 3969 1328 4041 campanam
1339 3999 1350 4035 ,
1372 3976 1457 4040 quus
1479 3959 1643 4039 Puteolis,

219 4081 353 4151 atquae
376 4069 485 4128 Cumis
504 4070 652 4147 Capuam
674 4065 813 4128 ὠιοεόαι.
835 4068 916 4146 Ager
930 4087 1025 4146 vero,
1047 4087 1139 4150 quem
1160 4068 1232 4132 hinc
1256 4069 1373 4133 dietum
1387 4068 1582 4135 librationum
1597 4075 1645 4136 in·

220 4181 321 4244 seriori
342 4199 418 4241 aevo
438 4178 715 4262 deprehendimus,
739 4177 970 4260 neapolitanum
990 4179 1029 4242 ad
1045 4181 1197 4244 Ducatunr
1210 4183 1377 4265 pertinuit;
1397 4187 1475 4268 quin
1500 4187 1594 4248 immo
1608 4208 1646 4250 ex

216 4296 309 4376 ipsius
329 4292 495 4353 accessione
516 4288 629 4351 sactum
651 4311 714 4351 esse
734 4289 881 4364 videtur,
913 4305 948 4352 ut
967 4303 1048 4353 totus
1068 4290 1151 4353 idem
1172 4293 1309 4356 Ducstus
1333 4295 1389 4356 sibi
1408 4295 1568 4359 Liburias
1587 4318 1647 4358 no·

217 4403 454 4466 menclationem
474 4401 642 4463 adsciverit.

297 4512 514 4597 Neapolitanae
538 4514 629 4574 huius
650 4512 802 4574 Liburiae
814 4555 824 4590 ,
856 4533 950 4595 quam
980 4525 1010 4574 et
1040 4513 1194 4595 Liguriam
1223 4514 1406 4599 appellatam
1438 4516 1527 4582 fuisse
1561 4535 1644 4604 patet

216 4648 253 4688 ex
274 4625 406 4690 ilistoria
427 4621 563 4686 Miscella
584 4622 668 4706 apud
689 4623 883 4686 lduratorium
904 4622 1005 4698 (Rer.
1029 4622 1094 4682 itai.
1113 4625 1224 4703 script.
1244 4635 1265 4684 t.
1286 4627 1384 4689 XVI.
1407 4647 1485 4707 pag.
1509 4629 1593 4714 roy)
1614 4647 1643 4693 et

214 4744 350 4800 Partem
369 4737 500 4800 militsise
519 4735 704 4818 quaudoque
726 4746 932 4816 nuncupatam
954 4732 1041 4794 luisse
1062 4733 1290 4797 observavimus
1311 4759 1382 4822 pag.
1406 4741 1438 4815 3,
1454 4739 1558 4804 adnot.
1583 4745 1640 4830 (6),

216 4851 290 4914 lines
312 4849 478 4914 describere
497 4871 573 4934 opus
593 4869 665 4912 sane
685 4862 729 4910 est
748 4846 888 4930 plurimis
909 4846 1039 4908 obsitum
1071 4847 1311 4912 difficultatibus.
1338 4851 1487 4916 Pratillus
1514 4856 1639 4938 quidem

216 4987 279 5028 rem
298 4965 377 5029 hanc
398 4963 552 5028 illustrare
573 4978 696 5026 conatus
717 4973 760 5024 est
781 4957 923 5046 perdocta
945 4958 1172 5032 dissertatione,
1203 4983 1297 5046 quam
1318 4965 1349 5026 in
1371 4967 1637 5048 Langobardorum

1228 5075 1245 5109 st
