4658 6508
847 649 988 746 (109)

208 821 285 891 ieris
302 839 378 890 cum
394 815 546 888 introitus
561 819 594 883 ct
610 812 673 883 viis
689 809 756 882 suis
773 817 806 878 et
821 807 973 882 omnibus
989 806 1030 878 ad
1045 806 1278 900 suprascriptas
1300 805 1443 899 integras
1460 804 1638 880 hereditate

210 946 419 1041 suprascripti
432 943 573 1038 genitori
597 938 663 1010 mei
686 937 935 1031 pertinentibus:
961 955 1019 1006 seu
1042 933 1143 1004 offero
1158 933 1219 1004 tibi
1235 942 1267 1003 et
1281 955 1340 1004 sex
1354 933 1466 1003 uncias
1486 935 1525 1004 de
1550 935 1638 1003 lalci-

206 1071 297 1140 dinm
308 1068 441 1164 quidem
451 1063 665 1160 suprascripte
676 1059 807 1133 domine
824 1083 905 1132 anne
922 1061 1058 1130 honeste
1074 1057 1193 1128 lemine
1210 1057 1361 1148 genitrici
1372 1079 1444 1128 mee
1463 1059 1551 1151 quod
1567 1059 1637 1150 ipsa

204 1192 288 1262 mihi
312 1191 444 1284 largivit
459 1190 545 1259 unde
560 1187 639 1257 alias
655 1207 713 1256 sex
729 1184 843 1254 uncias
867 1183 995 1254 offertas
1010 1181 1108 1252 habet
1124 1180 1339 1273 suprascripta
1354 1179 1497 1272 genitrix
1513 1203 1585 1250 mea
1602 1181 1638 1248 in

203 1313 404 1384 monasterio
428 1311 532 1382 insule
556 1308 738 1379 salvatoris.
753 1315 786 1378 et
800 1309 870 1399 ipsa
893 1305 1132 1399 prenominatas
1156 1325 1213 1372 sex
1235 1302 1346 1371 uncias
1362 1301 1402 1372 de
1418 1305 1635 1396 suprascripto

203 1437 338 1509 lalcidio
362 1436 452 1530 quod
477 1435 537 1504 tibi
560 1433 691 1502 offeruit
714 1433 756 1502 sit
779 1433 814 1502 in
833 1437 991 1523 potestate
1014 1429 1233 1522 suprascripte
1250 1429 1380 1500 domine
1397 1451 1479 1498 anne
1500 1429 1635 1500 honeste

201 1561 323 1629 femine
346 1557 494 1651 genitrici
519 1579 592 1628 mee
617 1555 731 1632 diebus
754 1555 821 1627 uite
845 1578 902 1626 sue
920 1555 960 1626 ad
976 1557 1152 1628 fruendum
1167 1565 1200 1626 et
1216 1555 1486 1627 commedendum
1509 1577 1634 1648 regen-

201 1683 282 1752 dum
305 1691 339 1751 et
361 1680 610 1775 gubernandum
626 1689 659 1750 et
676 1687 750 1772 post
764 1679 918 1750 transitus
941 1679 1161 1773 suprascripte
1179 1679 1329 1774 genitrici
1344 1703 1416 1752 mee
1432 1689 1582 1752 revertur
1597 1679 1633 1748 in

200 1809 420 1902 suprascripto
444 1808 654 1879 monasterio:
681 1830 739 1878 seu
763 1809 864 1878 ollcro
879 1805 941 1876 tibi
957 1816 990 1878 et
1013 1827 1072 1876 sex
1086 1806 1199 1876 uncias
1215 1807 1254 1876 de
1270 1827 1402 1876 omnem
1420 1806 1632 1878 hereditatem

198 1936 417 2030 suprascripte
441 1937 574 2009 dominc
598 1959 681 2007 anne
705 1937 840 2008 honeste
864 1933 983 2008 lemine
1008 1934 1159 2028 genitrici
1183 1958 1255 2005 mee
1280 1935 1322 2004 de
1346 1932 1433 2002 intus
1468 1932 1522 2002 vel
1553 1933 1632 2004 loris

199 2065 316 2134 domos
341 2085 398 2133 sou
423 2061 581 2132 casalibus
606 2071 673 2130 tam
698 2064 739 2134 de
763 2059 929 2130 territorio
953 2060 1138 2153 syrrentino
1157 2081 1324 2152 quamque
1349 2067 1382 2126 et
1409 2057 1632 2126 deterritorio

197 2187 473 2280 langavardorum
489 2185 537 2280 (6)
549 2208 615 2256 una
630 2205 706 2254 cnm
723 2182 871 2253 introitas
887 2191 920 2254 et
936 2183 999 2254 viis
1024 2183 1091 2254 suis
1111 2189 1145 2252 et
1160 2181 1312 2252 omnibus
1326 2181 1373 2251 eis
1388 2180 1632 2273 pertinentibus.

198 2322 232 2382 et
248 2333 324 2380 cum
340 2332 400 2382 sex
414 2309 526 2380 uncias
543 2311 583 2380 de
600 2331 732 2380 omnem
747 2307 903 2378 movilem
925 2307 1143 2402 suprascripte
1157 2305 1316 2400 genetrici
1339 2327 1423 2376 mee:
1443 2306 1504 2376 hec
1521 2307 1631 2376 omnia

196 2439 282 2508 sicut
305 2438 454 2530 superius
478 2435 599 2529 legitur
622 2435 664 2505 sit
688 2435 748 2505 tibi
772 2436 924 2506 offertum
948 2443 1047 2528 atque
1071 2431 1290 2504 contraditum
1314 2441 1352 2502 ut
1375 2431 1411 2500 in
1434 2441 1541 2502 vestra
1573 2455 1631 2524 po-

277 2764 322 2845 (6)
343 2765 419 2826 Cum
441 2784 478 2822 ex
497 2762 634 2822 universa
653 2757 922 2838 Langobardorum
942 2754 1065 2816 Liburia
1085 2774 1120 2814 ea
1140 2753 1228 2830 modo
1248 2771 1340 2836 pars,
1362 2771 1423 2833 qua
1444 2751 1625 2812 salernitana

193 2872 269 2932 ditio
289 2871 500 2944 conflabatur,
522 2867 651 2928 finitima
671 2868 839 2927 surrentino
860 2864 992 2926 Ducatui
1014 2878 1154 2940 extaret,
1175 2863 1245 2924 hinc
1266 2877 1345 2924 certe
1366 2882 1423 2943 pro
1449 2860 1627 2921 salernitano

194 3002 268 3063 agro
288 2977 495 3060 accipiendum
514 2989 558 3038 est
577 2977 772 3036 territorium
793 2971 1107 3052 Langobardorum,
1126 2971 1210 3054 quod
1230 2993 1365 3054 praesens
1395 2973 1494 3031 innuit
1525 2990 1625 3030 mem·

194 3093 296 3153 brana.
317 3092 394 3152 Cum
414 3111 486 3150 vero
506 3089 573 3148 heic
595 3089 733 3149 distincte
753 3099 957 3147 memorentur
976 3084 1157 3147 surrentinus
1172 3101 1208 3142 ac
1228 3082 1460 3165 longobardicus
1481 3101 1567 3161 ager,
1593 3081 1628 3141 id

194 3207 330 3286 prosecta
349 3205 434 3263 nobis
453 3205 484 3262 in
503 3215 637 3262 mentem
657 3215 782 3264 revocat
799 3201 975 3261 Surrentum
994 3220 1048 3281 per
1067 3219 1101 3259 ea
1122 3211 1276 3281 tempora,
1299 3195 1338 3258 ad
1360 3215 1438 3276 quae
1451 3195 1627 3254 membrana

193 3320 258 3400 ipsa
278 3319 431 3400 pertinet,
453 3334 649 3396 nequaqnam
668 3312 855 3376 salernitanis
874 3313 1056 3395 principibus
1077 3311 1217 3393 paruisse.
1237 3310 1384 3370 Novimus
1404 3327 1494 3388 porro
1514 3306 1627 3366 aCon-

193 3433 321 3492 stantino
336 3429 594 3512 Porphyrogenito
615 3427 689 3511 (De
707 3427 923 3488 administrat.
937 3425 1075 3505 Imperii
1089 3443 1166 3504 pag.
1180 3423 1242 3505 27)
1265 3421 1419 3506 proditum
1433 3423 1526 3482 fuisse
1543 3420 1627 3500 quod

192 3545 370 3602 Surrentum
390 3539 515 3622 perinde
536 3554 626 3621 atque
647 3538 787 3621 Neapolis
807 3552 838 3598 et
858 3537 1018 3618 hmalphia
1042 3555 1151 3616 graeco
1171 3555 1287 3617 semper
1315 3537 1417 3615 paruit
1437 3535 1624 3614 Imperatori.

194 3655 311 3715 Verum
332 3674 391 3713 non
407 3645 517 3727 sipirtus
529 3652 641 3733 graecis
655 3650 820 3730 Augustis,
842 3647 894 3708 sed
907 3647 1041 3709 Ducibus
1054 3645 1272 3728 neapolitanis,
1293 3646 1348 3725 qui
1368 3660 1397 3704 et
1415 3645 1472 3726 ipsi
1489 3659 1627 3706 constan-

194 3764 394 3845 tinopolitano
428 3762 557 3839 imperio
588 3759 759 3841 parebant]‚
787 3757 975 3819 Surrentinos
997 3754 1050 3815 diu
1077 3752 1168 3814 fuisse
1193 3753 1335 3813 obnoxios
1365 3751 1537 3834 putandum
1561 3768 1625 3830 est;

194 3871 345 3952 siquidem
359 3869 561 3947 Pellegtinius
577 3867 687 3950 (Hist.
701 3866 783 3946 long.
799 3876 819 3925 t.
835 3868 877 3926 V.
885 3884 966 3943 pag.
980 3865 1074 3948 239)
1096 3863 1203 3925 diserte
1219 3861 1315 3923 edicat
1334 3862 1466 3939 stabias,
1492 3861 1624 3923 Surren-

192 3971 294 4058 tum,
309 3995 340 4042 et
362 3978 560 4062 hmalphiam
585 3979 642 4038 sub
668 3977 853 4060 neapolitani
874 3976 959 4037 ducis
982 3977 1127 4056 regimine
1148 3974 1202 4034 diu
1221 3973 1335 4051 fnisse,
1362 3973 1453 4055 idque
1481 3973 1623 4033 ePonti-

192 4096 288 4156 ficum
308 4095 444 4173 Gregorii
463 4095 506 4154 M.
529 4107 559 4154 et
581 4091 729 4153 Hadriani
757 4091 916 4174 epistolis,
940 4105 1031 4171 atque
1055 4111 1092 4151 ex
1113 4089 1194 4148 initio
1210 4087 1389 4171 capitularis
1404 4086 1518 4149 Sicnrdi
1533 4088 1623 4148 Prin-

192 4207 267 4287 cipis
280 4203 476 4267 Beneventani
498 4217 588 4262 eruat.
611 4203 690 4264 Hinc
712 4205 776 4262 iure
795 4203 909 4283 optimo
927 4202 1103 4264 lastinianus
1125 4199 1320 4279 (Discentur.
1340 4197 1490 4275 Geogros.
1505 4219 1536 4258 v.
1551 4202 1625 4256 Sor-

192 4314 308 4392 rento)
328 4312 520 4375 vehementer
540 4310 764 4370 hallucinatum
782 4307 871 4370 fuisse
894 4309 937 4372 ait
948 4310 1151 4385 Anastasium,
1175 4309 1229 4390 qui
1247 4310 1279 4368 in
1296 4307 1355 4368 suis
1370 4304 1625 4366 lucubrationibus

192 4424 230 4483 de
251 4422 454 4484 ecclesiasticis
477 4442 513 4482 ac
528 4419 674 4483 civilibus
688 4418 929 4482 surrentinorum
942 4417 1167 4498 antiquitatibus
1178 4417 1356 4478 Surrentum
1372 4436 1542 4496 numquam
1556 4437 1627 4475 nea-

192 4534 333 4616 politanis
352 4533 490 4594 Ducibus
504 4533 721 4612 obtemperasse
746 4545 858 4592 temere
875 4545 1027 4592 statuerat.
1052 4534 1150 4592 Immo
1165 4550 1239 4594 vero
1257 4529 1340 4590 nobis
1364 4527 1484 4591 videtur
1507 4549 1560 4610 per
1592 4551 1626 4588 ea

190 4663 341 4729 tempora,
358 4646 467 4726 quibus
486 4658 620 4706 nostrum
633 4645 691 4705 hoc
704 4643 860 4704 conditum
875 4645 933 4706 fnit
946 4645 1194 4718 instrumentum,
1210 4645 1408 4705 surrentinam
1422 4643 1528 4702 urbem
1542 4641 1625 4702 haud

190 4777 281 4818 suum
293 4757 429 4818 habuisse
450 4759 587 4832 Ducem,
609 4756 662 4818 sed
677 4756 757 4815 Duci
778 4757 1049 4838 Neapolitanorum
1070 4757 1158 4818 fuisse
1179 4756 1333 4839 subditam.
1347 4755 1426 4814 Nam
1440 4767 1512 4815 teste
1526 4755 1623 4813 Leone

188 4865 340 4926 Hostiensi
360 4864 457 4947 (Lr'd.
479 4868 508 4926 I.
522 4886 591 4946 cap.
612 4865 678 4947 59)
699 4867 843 4941 loannes,
867 4867 921 4948 qui
941 4881 1012 4927 tunc
1030 4867 1169 4948 temporis
1183 4862 1312 4946 Neapoli
1330 4862 1511 4945 imperabat,
1528 4862 1623 4924 ndat-

189 4989 273 5057 perto
288 4975 399 5036 Abbati
419 4975 560 5038 casinensi
578 4996 636 5036 uon
656 4974 746 5039 modo
768 4975 990 5058 neapolitanam
1010 4976 1041 5038 S.
1061 4975 1207 5040 Caeciliae
1237 4973 1393 5040 ecclesiam
1414 4974 1603 5038 confirmavit
1614 5019 1624 5050 ,
