4692 6512
1321 665 1468 758 (170)

686 826 775 917 quod
802 820 883 894 obsit
907 841 1086 918 numquam
1110 819 1229 894 aboatis
1257 819 1376 896 exinde
1402 817 1575 915 aliquando
1609 825 1755 911 tempore
1792 815 1935 912 qualivet
1962 820 2113 915 requesi-

688 953 809 1023 tiouem
833 959 889 1022 aut
912 948 1056 1022 molestia
1080 973 1099 1020 a
1122 969 1209 1020 nuno
1233 956 1265 1021 et
1288 948 1509 1042 iu'perpetuis
1533 944 1732 1040 temporibus
1757 943 1835 1040 quia
1859 943 1904 1016 its
1930 945 2013 1022 mihi
2036 949 2115 1043 pta-

687 1080 741 1150 cui
765 1102 850 1152 vona
874 1102 946 1150 mea
976 1078 1171 1150 uoluntate:
1206 1075 1240 1148 Si
1275 1087 1386 1149 sutem
1408 1097 1475 1170 ‘ego
1505 1085 1562 1148 aut
1592 1075 1768 1150 herodibus
1798 1075 1880 1149 meis
1909 1087 2022 1148 contro
2053 1099 2113 1149 auo

687 1203 868 1276 chartulam
889 1203 1073 1294 donationis
1096 1213 1134 1276 ut
1156 1223 1253 1298 super
1284 1200 1404 1296 legitur
1434 1200 1547 1274 sonus
1583 1200 1875 1297 presumpserimus
1914 1211 1947 1274 et
1980 1201 2115 1274 minime

687 1329 958 1423 adimpleberimus
981 1326 1131 1400 omnibus
1155 1325 1328 1400 nummatis
1351 1335 1407 1396 aut
1430 1323 1465 1396 in
1489 1324 1615 1422 aliquid
1643 1325 1755 1398 offensi
1780 1325 1938 1398 tuorimm
1954 1348 2016 1420 per
2033 1348 2116 1421 quo-

686 1453 736 1522 his
759 1453 895 1526 modum
918 1463 974 1523 sut
997 1452 1177 1524 summissis
1201 1453 1345 1547 personis
1368 1461 1445 1524 tuuc
1469 1449 1695 1546 composuimus
1735 1450 1796 1522 tivi
1820 1449 1949 1545 tuisque
1979 1450 2115 1524 haedi-

686 1577 747 1645 bus
770 1576 841 1646 suri
865 1576 946 1646 libra
970 1599 1034 1648 unu
1057 1575 1220 1672 hytisnteu
1255 1585 1288 1648 et
1325 1573 1386 1646 hoc
1421 1573 1632 1650 chartulam
1661 1597 1759 1669 super
1798 1572 1919 1670 legitur
1946 1573 1988 1646 sit
2020 1573 2113 1648 firma

686 1703 805 1798 scripta
828 1725 1017 1797 perminus
1041 1702 1184 1796 gregorii
1208 1699 1338 1771 curialis
1361 1721 1420 1794 per
1444 1698 1608 1772 nominato
1632 1701 1747 1796 quinto
1770 1699 1992 1796 iudiotioue†

690 1893 693 1902 .
781 1829 812 1924 †
836 1851 899 1922 ogo
925 1828 1080 1903 iohannes
1103 1829 1270 1926 presbyter
1292 1826 1514 1922 subscripsi†

780 1954 811 2049 †
835 1978 898 2052 ogo
921 1956 973 2025 leo
999 1954 1233 2029 filimdomini
1255 1955 1333 2028 boui
1355 1965 1488 2050 rogatus
1513 1981 1532 2030 r
1555 1958 1773 2051 suprosrripto
1807 1957 1948 2032 iohanne
1973 1964 2113 2059 presby-

689 2090 759 2149 tero
784 2081 857 2152 tosti
880 2079 1102 2174 subscripsi†

782 2203 898 2298 †ego
921 2205 1046 2300 sergius
1069 2204 1155 2280 tilius
1179 2207 1303 2282 domini
1332 2207 1481 2284 iohannis
1516 2219 1649 2308 rogitus
1674 2234 1693 2282 a
1725 2215 1945 2310 suprascripto
1973 2216 2114 2292 iohanne

687 2335 877 2428 presbytero
900 2334 975 2406 testi
998 2334 1172 2429 subscripsi
1188 2335 1219 2430 †

783 2462 900 2556 †ego
924 2463 976 2537 leo
1001 2464 1085 2537 filius
1110 2463 1235 2538 domiui
1259 2466 1404 2562 grogorii
1426 2476 1561 2562 rogatus
1588 2492 1607 2539 a
1630 2471 1847 2566 suprascripto
1871 2470 2010 2544 iohsuue
2033 2495 2113 2568 pre·

690 2585 820 2679 sbytero
844 2587 917 2658 testi
941 2586 1165 2683 subscripsi†

783 2705 815 2802 †
839 2709 909 2803 Ego
934 2710 1106 2804 gregorius
1130 2709 1261 2784 curialis
1275 2710 1438 2808 complevi
1453 2735 1513 2807 per
1528 2716 1692 2788 nominata
1709 2717 1823 2813 quinto
1836 2717 2013 2794 indictione
2034 2717 2066 2814 †
