4658 6508
545 1223 595 1271 an,
755 1191 793 1259 ln
816 1189 950 1261 nomine
974 1190 1101 1262 domini
1124 1191 1178 1262 dei
1201 1191 1374 1264 salvatoris
1388 1195 1493 1264 nostri
1508 1193 1601 1266 ihesu
1618 1193 1731 1265 christi
1759 1194 1940 1289 imperante
1957 1195 2090 1265 domino

534 1329 615 1394 935.
660 1325 772 1387 nostro
795 1317 1007 1390 Constantino
1030 1341 1152 1411 magno
1175 1317 1373 1412 imperatore
1398 1344 1483 1391 anno
1506 1322 1664 1392 vicesimo
1684 1322 1800 1392 octabu
1824 1323 1880 1392 sed
1904 1332 1937 1391 et
1953 1344 2091 1392 romano

661 1463 782 1535 magno
805 1441 1000 1536 imperatore
1025 1466 1111 1513 anno
1135 1445 1381 1538 quintodecimo
1397 1445 1450 1515 die
1474 1455 1565 1516 sexta
1582 1447 1702 1517 mensis
1718 1445 1896 1518 decembrii
1913 1446 2092 1518 indictione

657 1587 743 1635 nona
767 1565 931 1656 neapolim
953 1567 1089 1636 Certum
1111 1576 1161 1637 est
1184 1589 1243 1636 nos
1266 1567 1442 1638 iohannem
1462 1568 1565 1637 lilium
1595 1570 1727 1662 quidem
1750 1570 1832 1662 lupi.
1860 1580 1894 1640 et
1924 1569 2088 1641 benefacta

657 1692 721 1761 hoc
745 1703 794 1762 est
818 1691 942 1784 iugales
965 1702 1210 1763 commanentes
1233 1693 1268 1762 in
1292 1694 1366 1763 loco
1391 1694 1450 1788 qui
1473 1707 1611 1766 vocatur
1638 1695 1855 1788 pumilianum
1889 1719 1993 1766 massa
2010 1696 2097 1767 atel-

656 1817 730 1884 lana
746 1839 754 1881 :
780 1817 810 1883 A
835 1815 977 1907 presenti
992 1815 1045 1885 die
1061 1815 1282 1908 promtissima
1297 1817 1479 1888 voluntate.
1497 1817 1763 1892 Venundodimus
1778 1831 1811 1889 et
1826 1819 2018 1890 tradidimus
2033 1820 2096 1890 tibi

657 1942 799 2033 spendeo
816 1940 884 2011 lilio
902 1939 1036 2035 quidem
1053 1939 1174 2012 mauri.
1193 1940 1359 2010 havitator
1382 1943 1418 2010 in
1446 1953 1631 2013 memorato
1653 1944 1727 2014 loeo
1744 1943 1982 2036 pumilionum:
2009 1948 2098 2017 ldest

615 2165 617 2172 Ι
657 2069 787 2162 integra
810 2090 869 2140 sex
893 2068 1007 2140 uncias
1030 2091 1119 2140 meas
1143 2070 1185 2139 de
1210 2067 1339 2161 integra
1362 2091 1428 2138 una
1452 2077 1539 2139 terra
1561 2093 1627 2164 que
1642 2081 1779 2142 vocatur
1803 2071 1915 2143 orbeta
1941 2075 2046 2166 posita
2065 2075 2099 2144 in

657 2207 842 2268 memorato
866 2197 941 2266 loco
964 2195 1183 2290 pumilionum
1207 2195 1271 2265 hoc
1295 2204 1345 2268 est
1369 2221 1387 2265 a
1411 2207 1504 2288 parte
1531 2200 1571 2269 de
1594 2198 1648 2268 via
1672 2199 1804 2291 publica
1830 2201 1890 2294 qui
1914 2202 2021 2294 pergit
2058 2205 2098 2274 ad

658 2325 823 2395 nucitum.
849 2326 921 2395 Una
946 2345 1022 2392 cum
1047 2321 1221 2392 arboribus
1238 2321 1416 2394 fructiferis
1440 2323 1494 2394 vel
1517 2325 1728 2396 infructiferis
1750 2325 1849 2395 simul
1873 2348 1948 2396 cum
1965 2327 2099 2398 introito

661 2471 722 2519 suo
746 2446 966 2540 omnibusque
989 2444 1053 2514 sivi
1076 2443 1328 2536 pertinentibus.
1355 2442 1536 2516 Coherente
1559 2445 1622 2515 sivi
1646 2447 1687 2516 de
1710 2467 1778 2515 uno
1801 2446 1903 2519 latere
1932 2447 1986 2518 via
2020 2473 2100 2520 car-

663 2577 753 2647 raria
777 2575 874 2644 sicuti
898 2572 970 2642 finit
992 2572 1079 2664 sepis
1102 2583 1135 2644 et
1158 2575 1316 2642 fossatum
1354 2581 1387 2643 et
1426 2573 1467 2643 de
1492 2571 1556 2641 alio
1579 2572 1681 2643 latere
1712 2583 1796 2644 terra
1829 2575 1955 2646 domini
1986 2581 2102 2650 cesarii

666 2705 828 2796 cacapice.
855 2702 905 2774 De
929 2721 997 2770 uno
1019 2699 1125 2791 capite
1149 2707 1329 2769 memorata
1354 2699 1409 2770 via
1433 2699 1563 2792 publica
1586 2701 1645 2794 qui
1669 2702 1777 2794 pergit
1805 2704 1846 2774 ad
1870 2703 2032 2776 nucitum.
2070 2719 2104 2777 et

667 2851 710 2897 ex
733 2827 799 2896 alio
821 2825 927 2918 capite
951 2825 1096 2917 reliquas
1117 2847 1178 2894 sex
1201 2821 1315 2893 uncias
1339 2847 1381 2896 ex
1403 2824 1474 2915 ipsa
1507 2833 1594 2895 terra
1631 2847 1714 2918 quas
1745 2837 1822 2897 sunt
1848 2825 1936 2900 leoni
1971 2831 2103 2923 cognati

669 2956 772 3024 nostri
797 2976 879 3048 quas
902 2955 969 3024 iam
994 2952 1099 3021 dictim
1123 2951 1253 3042 genitor
1276 2963 1309 3023 et
1332 2974 1427 3024 socer
1449 2962 1559 3024 noster
1582 2953 1614 3024 ei
1638 2953 1710 3023 illas
1739 2956 1936 3027 venundedit
1970 2973 2004 3030 et
2027 2975 2104 3032 sunt

670 3081 711 3150 ad
736 3081 852 3174 equale
875 3102 1039 3150 mensura.
1062 3080 1112 3151 De
1137 3103 1203 3173 qua
1226 3077 1311 3148 nihil
1334 3078 1429 3148 nobis
1462 3076 1551 3147 intus
1581 3088 1777 3149 memoratas
1811 3079 2010 3151 coherentias
2041 3107 2107 3153 re-

669 3209 789 3280 mansit
811 3232 873 3278 nec
895 3213 931 3278 in
959 3208 1065 3279 aliena
1100 3231 1238 3300 persona
1266 3207 1505 3278 commissimus
1537 3215 1694 3298 potestate
1731 3209 1778 3277 lta
1810 3217 1848 3278 ut
1882 3209 1925 3280 ha
1948 3233 2035 3282 nunc
2071 3226 2105 3286 et

673 3336 824 3430 deinceps
846 3343 1043 3406 memoratas
1067 3336 1210 3428 integras
1233 3358 1290 3406 sex
1314 3335 1426 3405 uncias
1451 3356 1539 3404 meas
1563 3359 1605 3405 ex
1627 3336 1771 3428 predicta
1793 3334 1919 3429 integra
1937 3347 2023 3409 terra
2039 3365 2105 3434 que

674 3460 854 3553 appellatur
877 3459 989 3528 orbeta
1012 3457 1118 3551 posita
1141 3457 1176 3526 in
1198 3470 1380 3528 memorato
1403 3459 1477 3529 loco
1499 3458 1715 3553 pumilianum
1739 3459 1803 3528 boc
1827 3471 1875 3531 est
1899 3485 1918 3530 a
1941 3472 2033 3555 parte
2066 3465 2105 3533 de

674 3595 854 3657 memorata
878 3584 933 3654 via
956 3585 1015 3678 qui
1045 3587 1154 3676 pergit
1187 3583 1227 3653 ad
1262 3583 1411 3654 nucitum
1442 3595 1475 3654 et
1509 3591 1584 3652 sunt
1607 3583 1697 3652 omni
1731 3597 1878 3678 tempore
1912 3587 1953 3656 ad
1989 3589 2104 3680 equale

675 3735 827 3783 mensura
849 3731 926 3779 cum
949 3708 1103 3780 iamdicta
1132 3708 1260 3803 reliqua
1294 3732 1353 3780 sex
1373 3709 1485 3778 uncias
1517 3709 1690 3779 memorati
1721 3710 1807 3782 leoni
1838 3713 1968 3804 cognati
2004 3713 2106 3783 nostri

678 4097 733 4176 ipsi
753 4092 919 4154 Tabulario
939 4089 1130 4171 praestabat,
1154 4101 1189 4148 ut
1208 4086 1376 4168 diplomata
1390 4108 1426 4148 ao
1439 4087 1624 4169 privilegia,
1647 4107 1725 4170 quae
1746 4107 1763 4146 a
1784 4085 1981 4168 neapolitanis
2006 4087 2105 4146 Duci-

677 4206 734 4264 bus
762 4201 1033 4284 impertiebantur,
1065 4197 1145 4256 idem
1176 4219 1254 4258 unus
1278 4211 1437 4272 exararet,
1469 4197 1727 4278 quemadmodum
1758 4195 2004 4258 animadversum
2024 4211 2107 4256 esta

679 4312 807 4375 Claritio
831 4309 936 4392 (pag.
955 4311 994 4370 31
1018 4308 1040 4389 )
1062 4309 1144 4368 Haeo
1165 4305 1297 4387 profecto
1326 4308 1428 4368 omnia
1456 4307 1539 4368 nobis
1557 4305 1684 4369 suadent
1711 4321 1776 4370 rata
1797 4305 1961 4389 aliquando
1981 4307 2107 4387 potuisse

679 4425 782 4487 haberi
801 4428 999 4488 instrumenta
1022 4423 1060 4483 ab
1080 4441 1141 4482 uno
1162 4422 1310 4484 Primario
1332 4422 1532 4500 exemplato,
1556 4421 1609 4482 etsi
1631 4419 1668 4480 de
1692 4421 1751 4482 hoc
1773 4441 1827 4481 neo
1854 4433 1969 4482 veteres
1991 4433 2108 4480 nostrae

680 4536 937 4611 consuetudines,
961 4557 1016 4597 neo
1034 4535 1121 4596 ullus
1134 4535 1236 4596 adhuo
1253 4537 1380 4617 scriptor
1397 4536 1580 4616 meminerit;
1600 4534 1724 4617 ideoque
1739 4537 1771 4594 in
1787 4533 1978 4597 adnotatione
1997 4532 2038 4594 ad
2059 4553 2108 4593 su-

680 4649 847 4731 pradictam
869 4647 1009 4729 paginam
1034 4646 1074 4706 36
1089 4665 1147 4705 non
1172 4665 1309 4729 semper,
1336 4646 1385 4708 sed
1411 4645 1591 4727 plerumque
1606 4647 1808 4708 Tabularium
1831 4644 1926 4707 simul
1951 4665 2022 4705 cum
2040 4643 2108 4704 Pri-

682 4761 775 4822 mario
789 4759 966 4821 documenta
982 4759 1174 4839 exemplasse
1188 4758 1337 4840 diximus,
1352 4760 1406 4819 nisi
1423 4759 1520 4842 potius
1534 4759 1698 4821 existimare
1711 4759 1838 4821 velimus
1849 4757 2092 4838 exemplativum
2097 4801 2108 4834 ,

683 4891 763 4952 qnae
776 4871 934 4935 Tabularii
952 4872 1167 4954 subscriptione
1187 4885 1307 4947 carent,
1334 4869 1371 4931 ab
1392 4870 1449 4930 boc
1467 4889 1589 4953 quoque
1609 4871 1728 4934 absolvi
1741 4870 1926 4953 nequivisse,
1944 4867 2027 4952 quod
2047 4871 2109 4952 ipse

683 4985 803 5058 aberat,
825 4983 900 5046 dum
921 4986 1144 5046 instrumentum
1162 4983 1406 5064 exempludatur.
