<?xml version="1.0" encoding="UTF-8"?>
<!DOCTYPE html PUBLIC "-//W3C//DTD XHTML 1.0 Transitional//EN"
    "http://www.w3.org/TR/xhtml1/DTD/xhtml1-transitional.dtd">
<html xmlns="http://www.w3.org/1999/xhtml" xml:lang="en" lang="en">
 <head>
  <title>
</title>
<meta http-equiv="Content-Type" content="text/html;charset=utf-8" />
  <meta name='ocr-system' content='tesseract 3.04.00' />
  <meta name='ocr-capabilities' content='ocr_page ocr_carea ocr_par ocr_line ocrx_word'/>
</head>
<body>
  <div class='ocr_page' id='page_1' title='image "./monumentaeditaa01napogoog_0056.png"; bbox 0 0 4616 6532; ppageno 0'>
   <div class='ocr_carea' id='block_1_1' title="bbox 1261 803 1377 877">
    <p class='ocr_par' dir='ltr' id='par_1_1' title="bbox 1261 803 1377 877">
     <span class='ocr_line' id='line_1_1' title="bbox 1261 803 1377 877; baseline -0.017 -1"><span class='ocrx_word' id='word_1_1' title='bbox 1261 803 1377 877; x_wconf 84' lang='lat' dir='ltr'>XLV.</span> 
     </span>
    </p>
   </div>
   <div class='ocr_carea' id='block_1_2' title="bbox 638 1066 2059 1678">
    <p class='ocr_par' dir='ltr' id='par_1_2' title="bbox 638 1066 2059 1678">
     <span class='ocr_line' id='line_1_2' title="bbox 638 1066 2059 1165; baseline 0 -27"><span class='ocrx_word' id='word_1_2' title='bbox 638 1066 835 1165; x_wconf 82' lang='lat' dir='ltr'><em>Gisolpbus</em></span> <span class='ocrx_word' id='word_1_3' title='bbox 854 1069 1004 1142; x_wconf 83' lang='lat' dir='ltr'><em>Salerni</em></span> <span class='ocrx_word' id='word_1_4' title='bbox 1017 1070 1198 1164; x_wconf 78' lang='lat' dir='ltr'><em>Princeps</em></span> <span class='ocrx_word' id='word_1_5' title='bbox 1213 1071 1408 1165; x_wconf 81' lang='lat' dir='ltr'><em>Episcopio</em></span> <span class='ocrx_word' id='word_1_6' title='bbox 1424 1069 1658 1143; x_wconf 83' lang='lat' dir='ltr'><em>Salernitana</em></span> <span class='ocrx_word' id='word_1_7' title='bbox 1672 1070 1788 1142; x_wconf 89' lang='lat' dir='ltr'><em>donat</em></span> <span class='ocrx_word' id='word_1_8' title='bbox 1799 1092 1927 1140; x_wconf 86' lang='lat' dir='ltr'><em>omnes</em></span> <span class='ocrx_word' id='word_1_9' title='bbox 1939 1072 2059 1141; x_wconf 85' lang='lat' dir='ltr'><em>eoele-</em></span> 
     </span>
     <span class='ocr_line' id='line_1_3' title="bbox 673 1199 2058 1291; baseline 0.004 -26"><span class='ocrx_word' id='word_1_10' title='bbox 673 1200 909 1270; x_wconf 86' lang='lat' dir='ltr'><em>siastiaorum</em></span> <span class='ocrx_word' id='word_1_11' title='bbox 944 1224 1000 1269; x_wconf 85' lang='lat' dir='ltr'><em>res</em></span> <span class='ocrx_word' id='word_1_12' title='bbox 1023 1213 1059 1269; x_wconf 88' lang='lat' dir='ltr'><em>et</em></span> <span class='ocrx_word' id='word_1_13' title='bbox 1081 1199 1272 1272; x_wconf 83' lang='lat' dir='ltr'><em>adulteras</em></span> <span class='ocrx_word' id='word_1_14' title='bbox 1283 1253 1296 1291; x_wconf 92' lang='lat'><em>,</em></span> <span class='ocrx_word' id='word_1_15' title='bbox 1331 1223 1483 1289; x_wconf 75' lang='lat' dir='ltr'><em>servas,</em></span> <span class='ocrx_word' id='word_1_16' title='bbox 1512 1212 1546 1268; x_wconf 84' lang='lat' dir='ltr'><em>et</em></span> <span class='ocrx_word' id='word_1_17' title='bbox 1569 1199 1703 1270; x_wconf 83' lang='lat' dir='ltr'><em>liberas</em></span> <span class='ocrx_word' id='word_1_18' title='bbox 1723 1199 1919 1290; x_wconf 87' lang='lat' dir='ltr'><em>faeminas</em></span> <span class='ocrx_word' id='word_1_19' title='bbox 1943 1205 2058 1270; x_wconf 82' lang='lat' dir='ltr'><em>servis</em></span> 
     </span>
     <span class='ocr_line' id='line_1_4' title="bbox 677 1327 2056 1422; baseline 0.004 -26"><span class='ocrx_word' id='word_1_20' title='bbox 677 1329 765 1420; x_wconf 70' lang='lat' dir='ltr'><em>ipsu</em></span> <span class='ocrx_word' id='word_1_21' title='bbox 788 1343 941 1422; x_wconf 87' lang='lat' dir='ltr'><em>nuptas,</em></span> <span class='ocrx_word' id='word_1_22' title='bbox 965 1343 1000 1399; x_wconf 91' lang='lat' dir='ltr'><em>et</em></span> <span class='ocrx_word' id='word_1_23' title='bbox 1024 1354 1082 1400; x_wconf 86' lang='lat' dir='ltr'><em>res</em></span> <span class='ocrx_word' id='word_1_24' title='bbox 1108 1343 1332 1400; x_wconf 85' lang='lat' dir='ltr'><em>mortuorum</em></span> <span class='ocrx_word' id='word_1_25' title='bbox 1341 1355 1358 1417; x_wconf 91' lang='lat'><em>;</em></span> <span class='ocrx_word' id='word_1_26' title='bbox 1383 1330 1548 1401; x_wconf 84' lang='lat' dir='ltr'><em>bomines</em></span> <span class='ocrx_word' id='word_1_27' title='bbox 1581 1353 1665 1402; x_wconf 79' lang='lat' dir='ltr'><em>vero</em></span> <span class='ocrx_word' id='word_1_28' title='bbox 1697 1341 1776 1400; x_wconf 88' lang='lat' dir='ltr'><em>tum</em></span> <span class='ocrx_word' id='word_1_29' title='bbox 1805 1327 1955 1418; x_wconf 85' lang='lat' dir='ltr'><em>liberos,</em></span> <span class='ocrx_word' id='word_1_30' title='bbox 1981 1343 2056 1402; x_wconf 87' lang='lat' dir='ltr'><em>tum</em></span> 
     </span>
     <span class='ocr_line' id='line_1_5' title="bbox 680 1457 2055 1552; baseline 0.009 -31"><span class='ocrx_word' id='word_1_31' title='bbox 680 1457 832 1527; x_wconf 83' lang='lat' dir='ltr'><em>censiles</em></span> <span class='ocrx_word' id='word_1_32' title='bbox 864 1461 980 1529; x_wconf 88' lang='lat' dir='ltr'><em>eidem</em></span> <span class='ocrx_word' id='word_1_33' title='bbox 1004 1460 1207 1551; x_wconf 83' lang='lat' dir='ltr'><em>Episcopio</em></span> <span class='ocrx_word' id='word_1_34' title='bbox 1231 1459 1394 1528; x_wconf 87' lang='lat' dir='ltr'><em>addictos</em></span> <span class='ocrx_word' id='word_1_35' title='bbox 1418 1457 1466 1528; x_wconf 92' lang='lat' dir='ltr'><em>ab</em></span> <span class='ocrx_word' id='word_1_36' title='bbox 1490 1459 1656 1552; x_wconf 82' lang='lat' dir='ltr'><em>angariis</em></span> <span class='ocrx_word' id='word_1_37' title='bbox 1686 1485 1732 1532; x_wconf 85' lang='lat' dir='ltr'><em>oe</em></span> <span class='ocrx_word' id='word_1_38' title='bbox 1756 1461 1966 1532; x_wconf 70' lang='lat' dir='ltr'><em>dationibus</em></span> <span class='ocrx_word' id='word_1_39' title='bbox 1985 1483 2055 1552; x_wconf 87' lang='lat' dir='ltr'><em>pro</em></span> 
     </span>
     <span class='ocr_line' id='line_1_6' title="bbox 679 1583 2058 1678; baseline 0.007 -27"><span class='ocrx_word' id='word_1_40' title='bbox 679 1583 887 1675; x_wconf 78' lang='lat' dir='ltr'><em>republica,</em></span> <span class='ocrx_word' id='word_1_41' title='bbox 913 1607 958 1651; x_wconf 86' lang='lat' dir='ltr'><em>ac</em></span> <span class='ocrx_word' id='word_1_42' title='bbox 983 1584 1221 1678; x_wconf 83' lang='lat' dir='ltr'><em>Episcopinm</em></span> <span class='ocrx_word' id='word_1_43' title='bbox 1245 1584 1388 1678; x_wconf 59' lang='lat' dir='ltr'><em>ursum,</em></span> <span class='ocrx_word' id='word_1_44' title='bbox 1411 1599 1448 1654; x_wconf 89' lang='lat' dir='ltr'><em>et</em></span> <span class='ocrx_word' id='word_1_45' title='bbox 1469 1587 1632 1677; x_wconf 67' lang='lat' dir='ltr'><em>quemvis</em></span> <span class='ocrx_word' id='word_1_46' title='bbox 1654 1589 1732 1658; x_wconf 87' lang='lat' dir='ltr'><em>eius</em></span> <span class='ocrx_word' id='word_1_47' title='bbox 1764 1587 1945 1660; x_wconf 84' lang='lat' dir='ltr'><em>bominem</em></span> <span class='ocrx_word' id='word_1_48' title='bbox 1976 1592 2058 1660; x_wconf 84' lang='lat' dir='ltr'><em>sive</em></span> 
     </span>
    </p>
   </div>
   <div class='ocr_carea' id='block_1_3' title="bbox 679 1711 1973 1807">
    <p class='ocr_par' dir='ltr' id='par_1_3' title="bbox 679 1711 1973 1807">
     <span class='ocr_line' id='line_1_7' title="bbox 679 1711 1973 1807; baseline 0.009 -29"><span class='ocrx_word' id='word_1_49' title='bbox 679 1711 960 1782; x_wconf 76' lang='lat' dir='ltr'><em>ecclesiasticum</em></span> <span class='ocrx_word' id='word_1_50' title='bbox 984 1715 1062 1784; x_wconf 72' lang='lat' dir='ltr'><em>sive</em></span> <span class='ocrx_word' id='word_1_51' title='bbox 1086 1715 1313 1784; x_wconf 81' lang='lat' dir='ltr'><em>saeculorem</em></span> <span class='ocrx_word' id='word_1_52' title='bbox 1337 1739 1362 1784; x_wconf 92' lang='lat' dir='ltr'><em>a</em></span> <span class='ocrx_word' id='word_1_53' title='bbox 1379 1717 1557 1807; x_wconf 80' lang='lat' dir='ltr'><em>portatici</em></span> <span class='ocrx_word' id='word_1_54' title='bbox 1570 1717 1814 1806; x_wconf 73' lang='lat' dir='ltr'><em>pensitatione</em></span> <span class='ocrx_word' id='word_1_55' title='bbox 1836 1719 1973 1790; x_wconf 80' lang='lat' dir='ltr'><em>eximit.</em></span> 
     </span>
    </p>
   </div>
   <div class='ocr_carea' id='block_1_4' title="bbox 1276 1899 1409 1974">
    <p class='ocr_par' dir='ltr' id='par_1_4' title="bbox 1276 1899 1409 1974">
     <span class='ocr_line' id='line_1_8' title="bbox 1276 1899 1409 1974; baseline -0.008 -4"><span class='ocrx_word' id='word_1_56' title='bbox 1276 1899 1409 1974; x_wconf 88' lang='lat' dir='ltr'>XLVI.</span> 
     </span>
    </p>
   </div>
   <div class='ocr_carea' id='block_1_5' title="bbox 533 2093 2057 2566">
    <p class='ocr_par' dir='ltr' id='par_1_5' title="bbox 533 2093 2057 2566">
     <span class='ocr_line' id='line_1_9' title="bbox 629 2093 2057 2191; baseline 0.001 -25"><span class='ocrx_word' id='word_1_57' title='bbox 629 2095 726 2186; x_wconf 88' lang='lat' dir='ltr'><em>Leo,</em></span> <span class='ocrx_word' id='word_1_58' title='bbox 751 2107 786 2164; x_wconf 89' lang='lat' dir='ltr'><em>et</em></span> <span class='ocrx_word' id='word_1_59' title='bbox 810 2093 1042 2189; x_wconf 72' lang='lat' dir='ltr'><em>Stephanus,</em></span> <span class='ocrx_word' id='word_1_60' title='bbox 1072 2106 1113 2164; x_wconf 89' lang='lat' dir='ltr'><em>ut</em></span> <span class='ocrx_word' id='word_1_61' title='bbox 1138 2107 1387 2191; x_wconf 85' lang='lat' dir='ltr'><em>exsequantur</em></span> <span class='ocrx_word' id='word_1_62' title='bbox 1409 2119 1476 2181; x_wconf 89' lang='lat' dir='ltr'><em>ea,</em></span> <span class='ocrx_word' id='word_1_63' title='bbox 1502 2098 1712 2190; x_wconf 83' lang='lat' dir='ltr'><em>quaeipsis</em></span> <span class='ocrx_word' id='word_1_64' title='bbox 1744 2095 1948 2168; x_wconf 87' lang='lat' dir='ltr'><em>mandarat</em></span> <span class='ocrx_word' id='word_1_65' title='bbox 1970 2097 2057 2169; x_wconf 76' lang='lat' dir='ltr'><em>Ste-</em></span> 
     </span>
     <span class='ocr_line' id='line_1_10' title="bbox 533 2207 2054 2318; baseline 0.001 -26"><span class='ocrx_word' id='word_1_66' title='bbox 533 2207 535 2210; x_wconf 30' lang='lat'>⁵</span> <span class='ocrx_word' id='word_1_67' title='bbox 669 2223 829 2318; x_wconf 82' lang='lat' dir='ltr'><em>pbanus</em></span> <span class='ocrx_word' id='word_1_68' title='bbox 845 2223 1002 2292; x_wconf 89' lang='lat' dir='ltr'><em>Ioannis</em></span> <span class='ocrx_word' id='word_1_69' title='bbox 1014 2219 1123 2310; x_wconf 85' lang='lat' dir='ltr'><em>filius</em></span> <span class='ocrx_word' id='word_1_70' title='bbox 1146 2221 1223 2290; x_wconf 92' lang='lat' dir='ltr'><em>iam</em></span> <span class='ocrx_word' id='word_1_71' title='bbox 1250 2227 1327 2291; x_wconf 91' lang='lat' dir='ltr'><em>iam</em></span> <span class='ocrx_word' id='word_1_72' title='bbox 1342 2223 1675 2307; x_wconf 39' lang='lat' dir='ltr'><em>eitosdisaessurum</em></span> <span class='ocrx_word' id='word_1_73' title='bbox 1692 2223 1895 2294; x_wconf 81' lang='lat' dir='ltr'><em>Benedicta</em></span> <span class='ocrx_word' id='word_1_74' title='bbox 1919 2245 2054 2294; x_wconf 92' lang='lat' dir='ltr'><em>mona-</em></span> 
     </span>
     <span class='ocr_line' id='line_1_11' title="bbox 677 2349 2056 2443; baseline 0.001 -23"><span class='ocrx_word' id='word_1_75' title='bbox 677 2353 780 2420; x_wconf 84' lang='lat' dir='ltr'><em>sterii</em></span> <span class='ocrx_word' id='word_1_76' title='bbox 797 2349 855 2420; x_wconf 87' lang='lat' dir='ltr'><em>Ss.</em></span> <span class='ocrx_word' id='word_1_77' title='bbox 875 2351 992 2441; x_wconf 79' lang='lat' dir='ltr'><em>Sergii</em></span> <span class='ocrx_word' id='word_1_78' title='bbox 1009 2363 1044 2418; x_wconf 90' lang='lat' dir='ltr'><em>et</em></span> <span class='ocrx_word' id='word_1_79' title='bbox 1061 2350 1209 2421; x_wconf 75' lang='lat' dir='ltr'><em>Bacchi</em></span> <span class='ocrx_word' id='word_1_80' title='bbox 1219 2349 1367 2421; x_wconf 88' lang='lat' dir='ltr'><em>Abbati·</em></span> <span class='ocrx_word' id='word_1_81' title='bbox 1385 2353 1538 2422; x_wconf 85' lang='lat' dir='ltr'><em>tradunt</em></span> <span class='ocrx_word' id='word_1_82' title='bbox 1552 2351 1751 2443; x_wconf 86' lang='lat' dir='ltr'><em>praedium</em></span> <span class='ocrx_word' id='word_1_83' title='bbox 1776 2361 1942 2425; x_wconf 75' lang='lat' dir='ltr'><em>vocatum</em></span> <span class='ocrx_word' id='word_1_84' title='bbox 1958 2350 2056 2422; x_wconf 83' lang='lat' dir='ltr'><em>Bal-</em></span> 
     </span>
     <span class='ocr_line' id='line_1_12' title="bbox 677 2479 1362 2566; baseline -0.001 -17"><span class='ocrx_word' id='word_1_85' title='bbox 677 2481 809 2550; x_wconf 87' lang='lat' dir='ltr'><em>nearia</em></span> <span class='ocrx_word' id='word_1_86' title='bbox 842 2483 950 2552; x_wconf 82' lang='lat' dir='ltr'><em>sitam</em></span> <span class='ocrx_word' id='word_1_87' title='bbox 972 2480 1015 2550; x_wconf 93' lang='lat' dir='ltr'><em>in</em></span> <span class='ocrx_word' id='word_1_88' title='bbox 1043 2479 1184 2566; x_wconf 87' lang='lat' dir='ltr'><em>Quarto</em></span> <span class='ocrx_word' id='word_1_89' title='bbox 1208 2479 1362 2550; x_wconf 88' lang='lat' dir='ltr'><em>Maiore.</em></span> 
     </span>
    </p>
   </div>
   <div class='ocr_carea' id='block_1_6' title="bbox 1264 2631 1418 2756">
    <p class='ocr_par' dir='ltr' id='par_1_6' title="bbox 1264 2631 1418 2756">
     <span class='ocr_line' id='line_1_13' title="bbox 1264 2631 1418 2756; baseline -0.065 0"><span class='ocrx_word' id='word_1_90' title='bbox 1264 2631 1418 2756; x_wconf 80' lang='lat' dir='ltr'><em>va&#39;n.</em></span> 
     </span>
    </p>
   </div>
   <div class='ocr_carea' id='block_1_7' title="bbox 630 2871 2071 3096">
    <p class='ocr_par' dir='ltr' id='par_1_7' title="bbox 630 2871 2071 3096">
     <span class='ocr_line' id='line_1_14' title="bbox 630 2871 2071 2971; baseline 0.001 -29"><span class='ocrx_word' id='word_1_91' title='bbox 630 2871 787 2944; x_wconf 89' lang='lat' dir='ltr'><em>Ioannes</em></span> <span class='ocrx_word' id='word_1_92' title='bbox 808 2871 1005 2966; x_wconf 81' lang='lat' dir='ltr'><em>presbyter</em></span> <span class='ocrx_word' id='word_1_93' title='bbox 1025 2871 1161 2944; x_wconf 92' lang='lat' dir='ltr'><em>Ioanni</em></span> <span class='ocrx_word' id='word_1_94' title='bbox 1188 2871 1221 2940; x_wconf 87' lang='grc' dir='ltr'><em>Τ</em></span> <span class='ocrx_word' id='word_1_95' title='bbox 1218 2871 1445 2968; x_wconf 85' lang='lat' dir='ltr'><em>beopbilaeti</em></span> <span class='ocrx_word' id='word_1_96' title='bbox 1463 2871 1544 2969; x_wconf 80' lang='lat' dir='ltr'><em>filio</em></span> <span class='ocrx_word' id='word_1_97' title='bbox 1571 2875 1685 2945; x_wconf 90' lang='lat' dir='ltr'><em>donat</em></span> <span class='ocrx_word' id='word_1_98' title='bbox 1709 2873 1880 2966; x_wconf 86' lang='lat' dir='ltr'><em>fundum</em></span> <span class='ocrx_word' id='word_1_99' title='bbox 1892 2929 1904 2965; x_wconf 95' lang='lat'><em>,</em></span> <span class='ocrx_word' id='word_1_100' title='bbox 1936 2891 2071 2971; x_wconf 53' lang='lat' dir='ltr'><em>quem*</em></span> 
     </span>
     <span class='ocr_line' id='line_1_15' title="bbox 678 2995 2047 3096; baseline 0.001 -28"><span class='ocrx_word' id='word_1_101' title='bbox 678 3001 755 3092; x_wconf 89' lang='lat' dir='ltr'><em>ipse</em></span> <span class='ocrx_word' id='word_1_102' title='bbox 780 2995 982 3066; x_wconf 87' lang='lat' dir='ltr'><em>Morilioni</em></span> <span class='ocrx_word' id='word_1_103' title='bbox 998 2999 1232 3092; x_wconf 80' lang='lat' dir='ltr'><em>possidebat,</em></span> <span class='ocrx_word' id='word_1_104' title='bbox 1256 3012 1293 3070; x_wconf 91' lang='lat' dir='ltr'><em>et</em></span> <span class='ocrx_word' id='word_1_105' title='bbox 1322 3008 1391 3069; x_wconf 82' lang='lat' dir='ltr'><em>tres</em></span> <span class='ocrx_word' id='word_1_106' title='bbox 1416 3009 1556 3088; x_wconf 86' lang='lat' dir='ltr'><em>terras,</em></span> <span class='ocrx_word' id='word_1_107' title='bbox 1576 3023 1670 3096; x_wconf 84' lang='lat' dir='ltr'><em>quae</em></span> <span class='ocrx_word' id='word_1_108' title='bbox 1693 3001 1746 3068; x_wconf 91' lang='lat' dir='ltr'><em>ad</em></span> <span class='ocrx_word' id='word_1_109' title='bbox 1761 2999 1923 3090; x_wconf 86' lang='lat' dir='ltr'><em>Pinum,</em></span> <span class='ocrx_word' id='word_1_110' title='bbox 1941 3000 2047 3071; x_wconf 84' lang='lat' dir='ltr'><em>Are-</em></span> 
     </span>
    </p>
   </div>
   <div class='ocr_carea' id='block_1_8' title="bbox 679 3125 1523 3221">
    <p class='ocr_par' dir='ltr' id='par_1_8' title="bbox 679 3125 1523 3221">
     <span class='ocr_line' id='line_1_16' title="bbox 679 3125 1523 3221; baseline -0.001 -26"><span class='ocrx_word' id='word_1_111' title='bbox 679 3128 803 3196; x_wconf 86' lang='lat' dir='ltr'><em>Iianus</em></span> <span class='ocrx_word' id='word_1_112' title='bbox 816 3175 827 3214; x_wconf 90' lang='lat'><em>,</em></span> <span class='ocrx_word' id='word_1_113' title='bbox 852 3139 889 3196; x_wconf 90' lang='lat' dir='ltr'><em>et</em></span> <span class='ocrx_word' id='word_1_114' title='bbox 916 3127 1082 3221; x_wconf 86' lang='lat' dir='ltr'><em>Campus</em></span> <span class='ocrx_word' id='word_1_115' title='bbox 1106 3127 1234 3198; x_wconf 90' lang='lat' dir='ltr'><em>Maior</em></span> <span class='ocrx_word' id='word_1_116' title='bbox 1255 3125 1523 3198; x_wconf 77' lang='lat' dir='ltr'><em>vocitabantur.</em></span> 
     </span>
    </p>
   </div>
   <div class='ocr_carea' id='block_1_9' title="bbox 1261 3311 1427 3390">
    <p class='ocr_par' dir='ltr' id='par_1_9' title="bbox 1261 3311 1427 3390">
     <span class='ocr_line' id='line_1_17' title="bbox 1261 3311 1427 3390; baseline -0.042 0"><span class='ocrx_word' id='word_1_117' title='bbox 1261 3311 1427 3390; x_wconf 81' lang='lat' dir='ltr'>XLVIII.</span> 
     </span>
    </p>
   </div>
   <div class='ocr_carea' id='block_1_10' title="bbox 628 3537 2052 3869">
    <p class='ocr_par' dir='ltr' id='par_1_10' title="bbox 628 3537 2052 3869">
     <span class='ocr_line' id='line_1_18' title="bbox 628 3537 2052 3632; baseline -0.002 -19"><span class='ocrx_word' id='word_1_118' title='bbox 628 3543 768 3613; x_wconf 88' lang='lat' dir='ltr'><em>Petrus</em></span> <span class='ocrx_word' id='word_1_119' title='bbox 791 3542 1017 3630; x_wconf 82' lang='lat' dir='ltr'><em>Ferrarius,</em></span> <span class='ocrx_word' id='word_1_120' title='bbox 1056 3553 1091 3611; x_wconf 90' lang='lat' dir='ltr'><em>et</em></span> <span class='ocrx_word' id='word_1_121' title='bbox 1122 3543 1199 3612; x_wconf 88' lang='lat' dir='ltr'><em>eius</em></span> <span class='ocrx_word' id='word_1_122' title='bbox 1232 3565 1325 3611; x_wconf 84' lang='lat' dir='ltr'><em>uxor</em></span> <span class='ocrx_word' id='word_1_123' title='bbox 1351 3539 1482 3611; x_wconf 74' lang='lat' dir='ltr'><em>Maria</em></span> <span class='ocrx_word' id='word_1_124' title='bbox 1508 3539 1698 3632; x_wconf 81' lang='lat' dir='ltr'><em>Stephano</em></span> <span class='ocrx_word' id='word_1_125' title='bbox 1732 3553 1766 3608; x_wconf 93' lang='lat' dir='ltr'><em>et</em></span> <span class='ocrx_word' id='word_1_126' title='bbox 1805 3537 1914 3611; x_wconf 70' lang='lat' dir='ltr'><em>botius</em></span> <span class='ocrx_word' id='word_1_127' title='bbox 1949 3542 2052 3612; x_wconf 79' lang='lat' dir='ltr'><em>uxori</em></span> 
     </span>
     <span class='ocr_line' id='line_1_19' title="bbox 681 3667 2043 3764; baseline -0.004 -22"><span class='ocrx_word' id='word_1_128' title='bbox 681 3671 863 3742; x_wconf 87' lang='lat' dir='ltr'><em>Gemmae</em></span> <span class='ocrx_word' id='word_1_129' title='bbox 887 3671 1033 3741; x_wconf 74' lang='lat' dir='ltr'><em>doersum</em></span> <span class='ocrx_word' id='word_1_130' title='bbox 1047 3669 1214 3764; x_wconf 88' lang='lat' dir='ltr'><em>positam</em></span> <span class='ocrx_word' id='word_1_131' title='bbox 1232 3669 1392 3762; x_wconf 87' lang='lat' dir='ltr'><em>Neapoli</em></span> <span class='ocrx_word' id='word_1_132' title='bbox 1413 3670 1452 3736; x_wconf 93' lang='lat' dir='ltr'><em>in</em></span> <span class='ocrx_word' id='word_1_133' title='bbox 1478 3671 1553 3740; x_wconf 87' lang='lat' dir='ltr'><em>vico</em></span> <span class='ocrx_word' id='word_1_134' title='bbox 1571 3667 1606 3738; x_wconf 87' lang='lat' dir='ltr'><em>S.</em></span> <span class='ocrx_word' id='word_1_135' title='bbox 1627 3669 1777 3762; x_wconf 79' lang='lat' dir='ltr'><em>Georgii</em></span> <span class='ocrx_word' id='word_1_136' title='bbox 1801 3671 1839 3738; x_wconf 89' lang='lat' dir='ltr'><em>in</em></span> <span class='ocrx_word' id='word_1_137' title='bbox 1854 3669 2043 3740; x_wconf 80' lang='lat' dir='ltr'><em>Diatonia</em></span> 
     </span>
     <span class='ocr_line' id='line_1_20' title="bbox 672 3797 849 3869; baseline 0.006 -1"><span class='ocrx_word' id='word_1_138' title='bbox 672 3797 849 3869; x_wconf 77' lang='lat' dir='ltr'><em>vendunt.</em></span> 
     </span>
    </p>
   </div>
   <div class='ocr_carea' id='block_1_11' title="bbox 1273 3922 1408 3994">
    <p class='ocr_par' dir='ltr' id='par_1_11' title="bbox 1273 3922 1408 3994">
     <span class='ocr_line' id='line_1_21' title="bbox 1273 3922 1408 3994; baseline -0.022 0"><span class='ocrx_word' id='word_1_139' title='bbox 1273 3922 1408 3994; x_wconf 88' lang='lat' dir='ltr'>XLIX.</span> 
     </span>
    </p>
   </div>
   <div class='ocr_carea' id='block_1_12' title="bbox 630 4175 2050 4504">
    <p class='ocr_par' dir='ltr' id='par_1_12' title="bbox 630 4175 2050 4504">
     <span class='ocr_line' id='line_1_22' title="bbox 630 4175 2050 4268; baseline -0.001 -22"><span class='ocrx_word' id='word_1_140' title='bbox 630 4175 727 4264; x_wconf 86' lang='lat' dir='ltr'><em>Leo,</em></span> <span class='ocrx_word' id='word_1_141' title='bbox 755 4185 944 4246; x_wconf 85' lang='lat' dir='ltr'><em>annuente</em></span> <span class='ocrx_word' id='word_1_142' title='bbox 975 4175 1055 4244; x_wconf 86' lang='lat' dir='ltr'><em>eius</em></span> <span class='ocrx_word' id='word_1_143' title='bbox 1079 4197 1191 4247; x_wconf 86' lang='lat' dir='ltr'><em>uxore</em></span> <span class='ocrx_word' id='word_1_144' title='bbox 1214 4175 1368 4263; x_wconf 88' lang='lat' dir='ltr'><em>Maria,</em></span> <span class='ocrx_word' id='word_1_145' title='bbox 1392 4177 1517 4268; x_wconf 77' lang='lat' dir='ltr'><em>Sergio</em></span> <span class='ocrx_word' id='word_1_146' title='bbox 1546 4175 1823 4268; x_wconf 71' lang='lat' dir='ltr'><em>comportatio,</em></span> <span class='ocrx_word' id='word_1_147' title='bbox 1861 4188 1898 4246; x_wconf 89' lang='lat' dir='ltr'><em>et</em></span> <span class='ocrx_word' id='word_1_148' title='bbox 1934 4175 2050 4246; x_wconf 80' lang='lat' dir='ltr'><em>buius</em></span> 
     </span>
     <span class='ocr_line' id='line_1_23' title="bbox 676 4303 2040 4403; baseline 0.004 -32"><span class='ocrx_word' id='word_1_149' title='bbox 676 4303 782 4375; x_wconf 79' lang='lat' dir='ltr'><em>uxori</em></span> <span class='ocrx_word' id='word_1_150' title='bbox 796 4304 943 4375; x_wconf 89' lang='lat' dir='ltr'><em>Mariae</em></span> <span class='ocrx_word' id='word_1_151' title='bbox 966 4307 1088 4376; x_wconf 80' lang='lat' dir='ltr'><em>vendit</em></span> <span class='ocrx_word' id='word_1_152' title='bbox 1099 4304 1296 4398; x_wconf 83' lang='lat' dir='ltr'><em>praedium</em></span> <span class='ocrx_word' id='word_1_153' title='bbox 1314 4320 1560 4398; x_wconf 84' lang='lat' dir='ltr'><em>nuncupatum</em></span> <span class='ocrx_word' id='word_1_154' title='bbox 1579 4303 1821 4396; x_wconf 81' lang='lat' dir='ltr'><em>Roboretum,</em></span> <span class='ocrx_word' id='word_1_155' title='bbox 1841 4307 1940 4403; x_wconf 85' lang='lat' dir='ltr'><em>quod</em></span> <span class='ocrx_word' id='word_1_156' title='bbox 1958 4303 2040 4376; x_wconf 87' lang='lat' dir='ltr'><em>Ma·</em></span> 
     </span>
     <span class='ocr_line' id='line_1_24' title="bbox 674 4431 941 4504; baseline 0.015 -6"><span class='ocrx_word' id='word_1_157' title='bbox 674 4431 760 4504; x_wconf 86' lang='lat' dir='ltr'><em>rani</em></span> <span class='ocrx_word' id='word_1_158' title='bbox 782 4431 941 4502; x_wconf 75' lang='lat' dir='ltr'><em>extabat.</em></span> 
     </span>
    </p>
   </div>
   <div class='ocr_carea' id='block_1_13' title="bbox 1322 4557 1364 4630">
    <p class='ocr_par' dir='ltr' id='par_1_13' title="bbox 1322 4557 1364 4630">
     <span class='ocr_line' id='line_1_25' title="bbox 1322 4557 1364 4630; baseline 0.048 -2"><span class='ocrx_word' id='word_1_159' title='bbox 1322 4557 1364 4630; x_wconf 91' lang='lat' dir='ltr'><em>L.</em></span> 
     </span>
    </p>
   </div>
   <div class='ocr_carea' id='block_1_14' title="bbox 625 4806 2039 5028">
    <p class='ocr_par' dir='ltr' id='par_1_14' title="bbox 625 4806 2039 5028">
     <span class='ocr_line' id='line_1_26' title="bbox 625 4806 2039 4906; baseline 0.004 -31"><span class='ocrx_word' id='word_1_160' title='bbox 625 4806 761 4875; x_wconf 86' lang='lat' dir='ltr'><em>Petrus</em></span> <span class='ocrx_word' id='word_1_161' title='bbox 786 4806 904 4877; x_wconf 85' lang='lat' dir='ltr'><em>Leoni</em></span> <span class='ocrx_word' id='word_1_162' title='bbox 939 4808 1052 4877; x_wconf 89' lang='lat' dir='ltr'><em>donat</em></span> <span class='ocrx_word' id='word_1_163' title='bbox 1078 4809 1341 4899; x_wconf 86' lang='lat' dir='ltr'><em>praediolum,</em></span> <span class='ocrx_word' id='word_1_164' title='bbox 1376 4811 1475 4903; x_wconf 86' lang='lat' dir='ltr'><em>qnod</em></span> <span class='ocrx_word' id='word_1_165' title='bbox 1499 4809 1651 4882; x_wconf 81' lang='lat' dir='ltr'><em>Minnae</em></span> <span class='ocrx_word' id='word_1_166' title='bbox 1691 4815 1769 4905; x_wconf 78' lang='lat' dir='ltr'><em>ipse</em></span> <span class='ocrx_word' id='word_1_167' title='bbox 1800 4811 2039 4906; x_wconf 84' lang='lat' dir='ltr'><em>possidebat,</em></span> 
     </span>
     <span class='ocr_line' id='line_1_27' title="bbox 673 4933 1450 5028; baseline 0.008 -28"><span class='ocrx_word' id='word_1_168' title='bbox 673 4933 904 5028; x_wconf 88' lang='lat' dir='ltr'><em>appellatum</em></span> <span class='ocrx_word' id='word_1_169' title='bbox 934 4935 976 5006; x_wconf 89' lang='lat' dir='ltr'><em>V</em></span> <span class='ocrx_word' id='word_1_170' title='bbox 974 4937 1088 5005; x_wconf 87' lang='lat' dir='ltr'><em>iniola</em></span> <span class='ocrx_word' id='word_1_171' title='bbox 1115 4936 1167 5004; x_wconf 92' lang='lat' dir='ltr'><em>ad</em></span> <span class='ocrx_word' id='word_1_172' title='bbox 1197 4935 1450 5007; x_wconf 85' lang='lat' dir='ltr'><em>Casacoldari.</em></span> 
     </span>
    </p>
   </div>
   <div class='ocr_carea' id='block_1_15' title="bbox 0 0 2312 6532">
    <p class='ocr_par' dir='ltr' id='par_1_15' title="bbox 0 0 2312 6532">
     <span class='ocr_line' id='line_1_28' title="bbox 0 0 2312 6532; baseline 0 6"><span class='ocrx_word' id='word_1_173' title='bbox 0 0 2312 6532; x_wconf 95' lang='lat' dir='ltr'><em> </em></span> 
     </span>
    </p>
   </div>
  </div>
 </body>
</html>
