4658 6508
872 633 990 731 (⁷⁷)

214 790 302 862 tione
327 800 383 863 aut
398 791 545 864 molestia
569 790 612 864 ha
635 815 721 868 nunc
746 799 779 866 et
802 794 1018 890 inperpetuis
1035 798 1256 892 temporibus:
1282 799 1416 892 Insuper
1438 801 1527 872 omni
1552 811 1643 872 tem-

214 941 295 1009 pore
319 941 382 1014 ego
405 929 604 992 memoratus
627 921 783 992 iobeunes
807 931 839 992 et
864 923 999 995 heredes
1023 926 1104 998 meis
1128 926 1187 996 tibi
1211 927 1340 1020 tuisque
1356 929 1492 1020 posteris
1515 951 1643 999 memo-

215 1059 350 1143 ratoque
383 1058 491 1119 vestre
531 1048 664 1120 ecclesie
695 1049 812 1122 exinde
837 1052 974 1145 desuper
997 1055 1110 1125 tollere
1138 1054 1310 1126 debeamus
1331 1065 1508 1126 memorata
1538 1059 1640 1130 maria

216 1179 393 1250 monastria
432 1203 584 1272 germana
618 1204 690 1250 mee
730 1191 763 1248 et
801 1179 934 1253 heredes
975 1183 1044 1252 eius
1084 1183 1204 1276 absque
1244 1181 1334 1252 omui
1357 1193 1465 1254 vestra
1504 1185 1638 1256 damni-

216 1317 301 1377 etate
325 1309 414 1380 nulla
438 1307 532 1378 dante
549 1306 752 1377 hoccasione.
779 1305 823 1376 ita
847 1317 880 1377 et
904 1317 940 1379 tu
965 1319 997 1378 et
1019 1315 1156 1402 posteris
1180 1310 1244 1379 tuis
1269 1317 1324 1380 aut
1348 1309 1410 1380 alia
1433 1312 1548 1406 quavis
1571 1337 1644 1406 per·

217 1453 295 1500 sona
311 1431 492 1510 nullatenus
515 1427 659 1500 babeatis
682 1431 844 1501 licentiam
860 1438 1052 1501 memoratas
1072 1439 1174 1501 terras
1191 1455 1210 1500 a
1225 1438 1382 1524 potestate
1397 1433 1498 1526 ipsius
1513 1435 1647 1508 ecclesie

217 1555 389 1646 aliquando
413 1562 557 1648 tempore
581 1555 747 1626 subtraere
771 1563 828 1626 aut
852 1554 992 1626 alienare
1008 1579 1066 1647 per
1090 1556 1216 1626 nullum
1231 1557 1364 1628 modum
1380 1565 1413 1628 et
1436 1557 1463 1626 si
1487 1581 1526 1628 oc
1543 1559 1649 1630 lacere

218 1676 457 1770 presumseritis
480 1679 622 1751 bacuum
645 1679 805 1770 persistat.
831 1687 864 1748 et
887 1678 971 1771 ipsas
997 1687 1099 1749 terras
1130 1679 1334 1749 rebertantur
1362 1691 1394 1751 et
1422 1680 1486 1750 siut
1517 1681 1551 1752 in
1579 1704 1646 1774 po-

218 1809 332 1871 testate
355 1809 534 1872 memorate
558 1801 690 1872 ecclesie
713 1826 774 1896 pro
799 1802 958 1874 alimoniis
982 1805 1021 1875 de
1045 1806 1211 1874 sacerdote
1239 1803 1297 1896 qui
1321 1803 1368 1873 ibi
1392 1813 1500 1874 custos
1525 1805 1642 1876 fueris:

218 1936 346 1995 atamen
361 1925 449 1994 stetit
471 1923 566 1995 nobis
589 1935 627 1996 ut
649 1933 686 1995 tu
710 1931 846 2002 amodo
867 1935 900 1999 et
923 1947 1027 2018 usque
1043 1927 1160 1998 indies
1180 1927 1392 2020 quadraginta
1417 1929 1458 1999 ad
1474 1937 1652 1998 memorata

216 2052 376 2146 genitrice
401 2061 510 2122 nostra
533 2075 646 2124 omnes
682 2055 749 2125 dies
778 2079 892 2126 canere
925 2055 1039 2127 debeas
1076 2054 1193 2124 exinde
1215 2051 1313 2121 missa
1336 2075 1401 2122 una
1426 2053 1466 2120 ab
1495 2053 1564 2146 ipsa
1589 2055 1650 2124 de-

218 2179 321 2271 nique
344 2179 557 2271 quadraginta
585 2178 653 2249 dies
681 2177 764 2247 banc
796 2179 960 2272 perpetuis
993 2175 1195 2270 temporibus
1226 2185 1262 2245 tu
1291 2185 1323 2246 et
1346 2177 1484 2270 posteris
1512 2178 1576 2246 tuis
1606 2180 1647 2249 ad

218 2309 435 2372 memoratam
468 2301 664 2394 genetricem
687 2307 830 2370 nostram
858 2321 970 2372 omnes
994 2301 1204 2372 eodommada
1228 2301 1344 2372 exinde
1369 2323 1484 2370 canere
1509 2301 1651 2374 debeatis

223 2430 321 2500 missa
344 2453 433 2499 una:
459 2428 547 2519 Quia
571 2431 615 2500 ita
639 2429 733 2500 nobis
756 2428 975 2520 complacuit;
1013 2425 1048 2496 si
1077 2435 1185 2498 autem
1207 2449 1267 2497 nos
1298 2427 1352 2498 uel
1375 2426 1508 2497 heredes
1533 2430 1651 2500 uostris

224 2553 341 2646 quovis
365 2561 510 2643 tempore
534 2563 647 2625 contra
683 2551 767 2622 banc
803 2550 983 2620 chartulam
1011 2557 1048 2622 ut
1076 2571 1175 2643 super
1207 2551 1326 2644 legitur
1360 2551 1473 2623 venire
1500 2575 1652 2646 presum-

224 2679 361 2751 serimus
387 2701 446 2772 per
472 2679 591 2773 quovis
618 2680 753 2750 modum
779 2687 835 2747 aut
863 2677 1042 2748 summissis
1071 2679 1217 2770 personis
1244 2685 1321 2748 tunc
1347 2680 1571 2770 componimus
1587 2679 1648 2748 tibi

221 2805 423 2898 posterisque
448 2801 512 2875 tuis
535 2809 778 2893 memorataque
805 2809 911 2872 vestre
938 2799 1070 2872 ecclesie
1094 2801 1165 2870 auri
1181 2800 1300 2872 solidos
1326 2801 1443 2894 viginti
1465 2802 1648 2896 bytianteos

221 2941 256 2998 et
274 2928 335 2999 hec
348 2928 494 2998 chartula
511 2926 682 2996 oblationis
696 2925 779 2996 sicut
794 2923 943 3016 superius
954 2923 1076 3015 ,legitur
1095 2923 1137 2992 sit
1151 2924 1244 2994 firma
1260 2922 1294 2993 in
1307 2933 1512 3017 perpetuum;
1531 2925 1650 3019 scripta

221 3079 280 3150 per
301 3078 415 3126 manus
440 3053 589 3126 iohannis
616 3051 782 3143 scriptoris
798 3073 919 3141 genero
946 3049 1032 3121 idem
1049 3049 1172 3121 domini
1186 3049 1320 3118 iohanni
1336 3049 1485 3120 tabularii
1506 3050 1648 3123 scribere

222 3191 355 3276 rogatus
379 3181 432 3254 die
457 3187 490 3250 et
514 3177 689 3264 indictione
713 3185 890 3248 memorata
918 3173 1075 3269 octaba†

319 3311 392 3381 Hoc
415 3310 546 3401 signum
569 3303 600 3399 †
624 3327 739 3375 manus
763 3303 935 3374 memorati
959 3302 1104 3396 gregorii
1141 3315 1173 3375 et
1205 3305 1339 3376 iohanni
1371 3307 1533 3400 germanis
1561 3310 1650 3404 quod

223 3461 286 3531 ego
309 3437 367 3532 qui
390 3444 587 3507 memoratos
611 3455 673 3526 pro
697 3431 743 3502 eis
767 3427 988 3522 subscripsi†

319 3564 350 3659 †
374 3565 446 3657 Ego
468 3564 521 3633 leo
545 3558 766 3653 subscripsi†

317 3690 349 3784 †
372 3695 444 3784 Ego
468 3690 594 3781 sergius
618 3687 704 3756 iilius
737 3683 861 3754 domini
895 3681 1058 3753 theodorii
1084 3683 1205 3754 tribuni
1229 3694 1362 3778 rogatus
1386 3711 1405 3756 a
1429 3692 1649 3780 suprascripto

224 3819 371 3912 genitore
396 3825 428 3886 et
452 3815 528 3884 filiis
551 3799 871 3902 testi'subscripsi†

319 3941 351 4035 †
373 3943 445 4031 Ego
469 3937 658 4006 cristoforus
691 3933 778 4002 lilius
802 3929 926 4003 domini
949 3933 1057 4002 mauri
1080 3933 1198 4004 medici
1222 3945 1355 4028 rogetus
1379 3961 1397 4004 a
1429 3939 1647 4030 suprascripto

226 4065 373 4161 genitore
397 4073 429 4132 et
453 4058 528 4130 filiis
551 4057 626 4129 testi
651 4052 872 4148 subscripsi†

319 4190 348 4285 †
373 4191 443 4284 Ego
467 4186 612 4256 marinus
636 4183 721 4254 filius
745 4181 869 4256 domini
894 4183 1012 4252 andree
1045 4190 1180 4274 rogatus
1208 4206 1226 4249 a
1252 4185 1471 4280 suprascripto
1502 4189 1649 4281 genitore

225 4331 257 4390 et
281 4319 355 4389 liliis
379 4315 452 4389 testi
476 4312 649 4404 subscripsi
666 4309 696 4404 †

318 4441 444 4536 †Ego
467 4439 624 4510 iohannes
648 4433 826 4508 tabularius
850 4429 1011 4524 complevi
1036 4441 1068 4502 et
1092 4431 1216 4504 absolvi
1241 4434 1293 4506 die
1319 4445 1351 4506 et
1373 4437 1548 4512 indictione
1571 4463 1649 4513 me-

223 4581 349 4644 morata
372 4568 494 4641 octaba.

808 4781 1054 4819 amose-
