4692 6512
864 681 1014 778 (141)

232 827 313 904 banc
336 833 515 906 chartulam
538 833 717 907 securitatis
748 845 785 906 ut
819 837 1059 932 supertegitur
1083 861 1146 934 ego
1170 847 1226 910 aut
1249 841 1386 934 posteris
1409 843 1490 913 meis
1516 843 1569 914 rel
1586 867 1655 919 no-

232 959 374 1030 minatus
398 967 526 1030 sauctus
549 980 641 1030 meus
664 959 897 1032 monasterium
919 960 1031 1030 venire
1054 961 1268 1053 quesierimus
1297 985 1356 1056 per
1380 962 1497 1056 quobis
1520 968 1657 1039 modum

231 1099 288 1160 aut
310 1087 489 1159 summissis
527 1085 674 1181 personis
709 1095 786 1160 tunc
810 1085 1035 1180 oomponimus
1066 1086 1160 1158 vobis
1183 1090 1362 1182 vestrisque
1385 1089 1558 1164 heredibus
1582 1094 1655 1164 auri

231 1211 314 1282 libra
337 1234 402 1282 una
417 1210 587 1312 =bytiuntea
611 1213 728 1280 etheo
751 1208 897 1280 chartula
921 1217 958 1278 ut
981 1231 1078 1303 super
1101 1210 1220 1301 legitur
1243 1210 1285 1278 sit
1309 1211 1402 1281 firma
1433 1212 1551 1305 scriptu
1575 1237 1657 1308 quo·

232 1360 296 1431 que
319 1359 377 1430 per
400 1357 532 1408 manum
556 1335 704 1407 iohannis
738 1333 905 1426 scriptoris
935 1332 1093 1425 discipulo
1117 1331 1242 1404 domini
1279 1333 1424 1427 gregorii
1447 1335 1562 1406 ouriab
1597 1361 1656 1430 per

233 1461 432 1555 supercriptu
456 1460 692 1555 quintadecima
714 1453 937 1548 indictione†

329 1583 361 1674 †
385 1603 447 1674 ego
469 1581 640 1675 gregorius
663 1579 841 1651 monachus
864 1579 1083 1674 subscripsi†

325 1707 356 1801 †
379 1720 490 1803 petrus
513 1709 681 1802 presbyter
704 1717 737 1780 et
761 1707 859 1778 abbas
883 1707 1104 1801 subscripsi†

326 1837 359 1930 †
382 1861 443 1933 ego
466 1839 519 1910 leo
536 1837 622 1908 filius
646 1836 771 1909 domini
795 1839 872 1909 boni
901 1849 1035 1932 rogatus
1059 1863 1078 1909 a
1101 1839 1320 1934 suprascripto
1336 1851 1430 1936 petro
1454 1841 1566 1913 abbate
1583 1843 1656 1912 testi

233 1963 451 2059 subscripsi†

330 2089 448 2184 †ego
482 2089 658 2160 theodorus
693 2087 778 2158 tilius
814 2084 937 2158 domini
974 2085 1123 2178 stephani
1161 2084 1273 2156 militis
1310 2097 1444 2180 rogatus
1480 2113 1498 2157 a
1535 2109 1656 2181 supra-

232 2222 354 2312 scripto
379 2230 473 2311 petro
497 2216 610 2288 abbate
635 2215 708 2286 testi
731 2211 952 2307 subscripsi†

330 2350 361 2438 †
385 2348 454 2439 Ego
477 2346 530 2416 leo
553 2343 639 2418 tilius
662 2341 786 2416 domini
811 2341 959 2412 anastasii
984 2352 1117 2434 rogatus
1141 2368 1159 2410 a
1184 2343 1401 2434 suprascripto
1425 2353 1518 2435 petro
1541 2342 1654 2412 abbate

233 2477 308 2550 testi
332 2474 504 2566 subscripsi
521 2473 551 2564 †

326 2601 451 2693 †Ego
480 2597 650 2691 gregorius
686 2598 816 2668 curialis
852 2607 926 2689 post
964 2597 1234 2692 subscriptionem
1257 2599 1387 2670 testium
1424 2598 1583 2689 compleri
1622 2607 1655 2668 et

232 2733 360 2802 absolui
384 2732 435 2803 die
452 2737 484 2799 et
508 2727 684 2800 indictione
707 2728 873 2802 nominato
896 2731 1180 2825 quintadecima†
