4692 6512
917 661 1062 761 (rsa)

254 825 455 922 perlegitur
489 833 628 920 excepto
667 825 734 900 iam
766 823 855 898 dieta
889 827 1043 921 portione
1072 851 1148 902 mea
1173 829 1213 900 de
1237 828 1382 924 predicta
1406 829 1554 926 piscbina
1575 851 1673 926 quem

256 953 290 1023 in
315 975 386 1024 mea
409 951 574 1024 reservavi
598 961 820 1045 potestatem:
855 951 921 1024 bab
943 953 1034 1025 omni
1067 954 1176 1026 omine
1209 957 1364 1052 omnique
1398 979 1551 1052 personas
1581 957 1673 1028 omni

256 1088 403 1172 tempore
426 1085 584 1148 antestare
616 1085 649 1148 et
673 1077 839 1149 defensare
862 1074 1107 1170 promittimus:
1134 1100 1196 1171 pro
1220 1099 1260 1148 eo
1283 1077 1372 1172 quod
1403 1079 1438 1150 in
1454 1078 1597 1173 presenti
1613 1100 1675 1149 ac·

256 1202 328 1298 cepi
352 1228 371 1274 a
394 1213 426 1277 te
450 1203 485 1274 iu
508 1225 638 1276 omnem
662 1204 825 1276 decisione
847 1226 906 1276 seu
931 1203 1166 1276 deliberatione
1183 1203 1265 1274 idest
1282 1202 1355 1272 auri
1374 1203 1438 1273 tari
1461 1226 1519 1276 sex
1535 1213 1574 1275 ut
1588 1202 1675 1276 inter

258 1329 352 1400 nobis
375 1353 461 1402 vous
481 1329 672 1401 volumtatis
696 1328 880 1400 comvenit:
907 1333 998 1424 quod
1020 1331 1049 1400 si
1073 1339 1106 1402 et
1121 1329 1256 1401 minime
1282 1328 1505 1423 adimplevero
1520 1353 1583 1425 ego
1598 1353 1675 1402 cum

259 1451 432 1524 heredibus
456 1453 537 1523 meis
560 1450 622 1522 bec
645 1451 756 1520 omnia
779 1448 946 1521 nominata
969 1460 1002 1523 et
1016 1449 1051 1522 in
1067 1451 1202 1546 aliquod
1224 1452 1455 1526 offenderimus
1475 1475 1534 1547 per
1555 1453 1677 1547 quovis

258 1578 393 1646 modum
416 1585 472 1646 aut
494 1577 680 1646 summissas
704 1597 882 1670 personasz
911 1584 988 1646 tunc
1012 1597 1175 1668 compono
1199 1599 1262 1670 ego
1286 1587 1319 1650 et
1342 1577 1408 1650 mei
1442 1576 1579 1649 heredes
1613 1577 1675 1648 tivi

261 1702 389 1796 tuisque
411 1702 585 1774 heredibus
608 1701 681 1773 auri
704 1703 826 1774 solidos
848 1701 966 1799 viginti
989 1701 1174 1796 bytianteos
1211 1714 1244 1774 et
1272 1703 1333 1776 bec
1364 1704 1512 1776 venditio
1543 1711 1582 1773 ut
1613 1724 1676 1772 su·

255 1851 314 1922 per
337 1830 457 1924 legitur
481 1829 524 1899 sit
547 1829 666 1900 firma:
692 1853 758 1924 qua
778 1827 967 1902 venditione
991 1854 1010 1899 a
1040 1851 1094 1900 me
1124 1831 1207 1899 lacta
1239 1827 1381 1900 iohanne
1404 1828 1567 1899 tabulario
1587 1827 1675 1897 scri-

258 1959 396 2030 vendam
419 1957 608 2050 rogavimus
631 1979 690 2050 per
713 1957 892 2029 indictione
914 1955 1080 2028 nominata
1103 1953 1266 2051 qararta†

356 2083 420 2154 boc
443 2082 574 2176 signum
589 2079 621 2176 †
635 2103 749 2153 manus
772 2080 930 2152 nominati
951 2080 1089 2176 aligerni
1104 2082 1159 2153 cui
1175 2103 1391 2176 supernomen
1411 2081 1563 2152 mirandu
1586 2079 1674 2174 quod

260 2231 323 2303 ego
347 2208 406 2303 qui
433 2205 618 2284 nominatos
642 2229 704 2302 pro
727 2229 805 2278 eum
828 2205 1005 2302 subscripsi
1036 2214 1069 2277 et
1102 2203 1262 2275 nominati
1288 2204 1352 2274 tari
1387 2202 1522 2274 traditos
1552 2201 1623 2274 vidi
1648 2212 1680 2275 et

260 2359 299 2406 oa
321 2343 519 2408 memoratus
553 2355 626 2405 sum
659 2331 737 2427 quia
760 2330 926 2404 nominata
960 2331 1110 2424 portione
1149 2352 1223 2400 mea
1246 2332 1286 2401 de
1309 2326 1451 2422 predicta
1476 2327 1623 2422 pisabina
1646 2329 1680 2398 in

258 2487 331 2535 mea
354 2461 519 2538 reservavi
543 2468 733 2556 potestatem
756 2483 821 2530 una
844 2479 922 2530 cum
944 2457 1120 2530 introitum
1142 2477 1239 2527 suum
1271 2454 1355 2527 etsi
1388 2452 1480 2526 aliter
1510 2454 1681 2526 fecerimus

260 2589 295 2659 in
318 2587 484 2661 nominata
507 2610 590 2683 pena
612 2585 834 2661 saubiaceamus
1279 2651 1293 2675 ‚

354 2712 386 2806 †
409 2735 472 2807 ego
494 2711 652 2782 iohannes
676 2709 762 2779 filius
786 2707 912 2779 domiui
935 2706 1074 2801 aligerni
1096 2715 1230 2802 rogatus
1255 2731 1274 2778 a
1296 2705 1519 2801 suprascripto
1535 2705 1680 2802 aligerno

265 2839 339 2912 testi
363 2835 539 2930 subscripsi
563 2844 595 2906 et
618 2833 827 2927 suprascripti
850 2832 914 2901 tari
938 2829 1072 2902 traditos
1095 2830 1164 2903 bidi
1188 2829 1219 2925 †

357 2963 389 3054 †
413 2987 475 3059 ego
498 2971 609 3058 petrus
632 2961 718 3034 lilius
741 2959 865 3036 domini
886 2960 974 3031 leoni
997 2967 1130 3052 rogatus
1155 2983 1175 3029 a
1198 2957 1419 3053 suprascripto
1443 2956 1588 3052 aligomo
1604 2960 1678 3030 testi

263 3093 441 3187 subscripsi
465 3101 498 3164 et
521 3089 732 3182 suprascripti
755 3087 818 3158 tari
841 3087 977 3158 traditos
1000 3083 1115 3180 bibi†

356 3219 387 3309 †
410 3237 472 3311 ego
495 3227 607 3308 petrus
630 3211 715 3283 lilius
738 3209 861 3283 domini
885 3208 972 3280 leoni
995 3218 1128 3310 rogatus
1147 3233 1166 3278 a
1191 3211 1410 3304 suprascripto
1434 3209 1580 3304 aligerno
1604 3211 1677 3283 testi

264 3342 438 3437 subscripsi
461 3351 494 3414 et
517 3335 725 3434 suprascripti
751 3335 813 3405 tari
837 3332 972 3406 traditos
995 3333 1113 3428 bidi†
1218 3366 1221 3372 ,

255 3503 258 3510 v
357 3465 481 3560 †Ego
497 3444 659 3535 'iohannes
682 3459 861 3531 tabularius
884 3459 943 3556 qui
968 3459 1149 3530 nominatos
1164 3469 1238 3552 post
1253 3457 1524 3556 subscriptionem
1541 3463 1672 3534 testium

263 3596 422 3693 complevi
444 3602 477 3666 et
501 3589 626 3665 absolvi
650 3591 703 3664 die
727 3597 760 3662 et
782 3587 960 3660 indictione
983 3588 1149 3660 nominata
1172 3599 1290 3684 quarta
