<?xml version="1.0" encoding="UTF-8"?>
<!DOCTYPE html PUBLIC "-//W3C//DTD XHTML 1.0 Transitional//EN"
    "http://www.w3.org/TR/xhtml1/DTD/xhtml1-transitional.dtd">
<html xmlns="http://www.w3.org/1999/xhtml" xml:lang="en" lang="en">
 <head>
  <title>
</title>
<meta http-equiv="Content-Type" content="text/html;charset=utf-8" />
  <meta name='ocr-system' content='tesseract 3.04.00' />
  <meta name='ocr-capabilities' content='ocr_page ocr_carea ocr_par ocr_line ocrx_word'/>
</head>
<body>
  <div class='ocr_page' id='page_1' title='image "./monumentaeditaa01napogoog_0193.png"; bbox 0 0 4692 6512; ppageno 0'>
   <div class='ocr_carea' id='block_1_1' title="bbox 878 617 1026 711">
    <p class='ocr_par' dir='ltr' id='par_1_1' title="bbox 878 617 1026 711">
     <span class='ocr_line' id='line_1_1' title="bbox 878 617 1026 711; baseline -0.014 -24"><span class='ocrx_word' id='word_1_1' title='bbox 878 617 1026 711; x_wconf 79' lang='lat'>(137)</span> 
     </span>
    </p>
   </div>
   <div class='ocr_carea' id='block_1_2' title="bbox 235 771 1668 2883">
    <p class='ocr_par' dir='ltr' id='par_1_2' title="bbox 235 771 1662 2000">
     <span class='ocr_line' id='line_1_2' title="bbox 235 771 1650 873; baseline 0.004 -28"><span class='ocrx_word' id='word_1_2' title='bbox 235 781 267 845; x_wconf 92' lang='lat' dir='ltr'><strong>et</strong></span> <span class='ocrx_word' id='word_1_3' title='bbox 291 773 357 846; x_wconf 89' lang='lat' dir='ltr'><strong>suis</strong></span> <span class='ocrx_word' id='word_1_4' title='bbox 380 771 552 845; x_wconf 90' lang='lat' dir='ltr'><strong>heredibus</strong></span> <span class='ocrx_word' id='word_1_5' title='bbox 576 775 609 844; x_wconf 91' lang='lat' dir='ltr'><strong>in</strong></span> <span class='ocrx_word' id='word_1_6' title='bbox 633 773 745 868; x_wconf 89' lang='lat' dir='ltr'><strong>primis</strong></span> <span class='ocrx_word' id='word_1_7' title='bbox 768 775 809 844; x_wconf 92' lang='lat' dir='ltr'><strong>sit</strong></span> <span class='ocrx_word' id='word_1_8' title='bbox 833 775 893 846; x_wconf 92' lang='lat' dir='ltr'><strong>sub</strong></span> <span class='ocrx_word' id='word_1_9' title='bbox 917 775 1125 846; x_wconf 78' lang='lat' dir='ltr'>anathematis</span> <span class='ocrx_word' id='word_1_10' title='bbox 1149 776 1285 851; x_wconf 81' lang='lat' dir='ltr'><strong>vincrdis</strong></span> <span class='ocrx_word' id='word_1_11' title='bbox 1301 779 1461 873; x_wconf 85' lang='lat' dir='ltr'><strong>obligatus</strong></span> <span class='ocrx_word' id='word_1_12' title='bbox 1485 787 1650 850; x_wconf 85' lang='lat' dir='ltr'><strong>atrocen-</strong></span> 
     </span>
     <span class='ocr_line' id='line_1_3' title="bbox 235 900 1653 996; baseline 0.003 -26"><span class='ocrx_word' id='word_1_13' title='bbox 235 913 345 972; x_wconf 87' lang='lat' dir='ltr'><strong>torum</strong></span> <span class='ocrx_word' id='word_1_14' title='bbox 370 901 481 973; x_wconf 89' lang='lat' dir='ltr'><strong>decem</strong></span> <span class='ocrx_word' id='word_1_15' title='bbox 505 911 538 974; x_wconf 87' lang='lat' dir='ltr'><strong>et</strong></span> <span class='ocrx_word' id='word_1_16' title='bbox 562 910 636 970; x_wconf 90' lang='lat' dir='ltr'><strong>octo</strong></span> <span class='ocrx_word' id='word_1_17' title='bbox 660 910 790 994; x_wconf 91' lang='lat' dir='ltr'><strong>patrum</strong></span> <span class='ocrx_word' id='word_1_18' title='bbox 812 910 937 994; x_wconf 88' lang='lat' dir='ltr'><strong>partem</strong></span> <span class='ocrx_word' id='word_1_19' title='bbox 961 900 1078 972; x_wconf 86' lang='lat' dir='ltr'><strong>habeat</strong></span> <span class='ocrx_word' id='word_1_20' title='bbox 1100 923 1176 974; x_wconf 91' lang='lat' dir='ltr'><strong>cum</strong></span> <span class='ocrx_word' id='word_1_21' title='bbox 1203 926 1290 973; x_wconf 92' lang='lat' dir='ltr'><strong>anna</strong></span> <span class='ocrx_word' id='word_1_22' title='bbox 1313 914 1345 975; x_wconf 87' lang='lat' dir='ltr'><strong>et</strong></span> <span class='ocrx_word' id='word_1_23' title='bbox 1369 903 1497 996; x_wconf 86' lang='lat' dir='ltr'><strong>caiphas</strong></span> <span class='ocrx_word' id='word_1_24' title='bbox 1521 914 1653 974; x_wconf 87' lang='lat' dir='ltr'><strong>etcum</strong></span> 
     </span>
     <span class='ocr_line' id='line_1_4' title="bbox 236 1027 1654 1104; baseline 0.001 -4"><span class='ocrx_word' id='word_1_25' title='bbox 236 1031 312 1102; x_wconf 88' lang='lat' dir='ltr'><strong>iuda</strong></span> <span class='ocrx_word' id='word_1_26' title='bbox 336 1028 491 1100; x_wconf 76' lang='lat' dir='ltr'>traditore</span> <span class='ocrx_word' id='word_1_27' title='bbox 515 1027 638 1101; x_wconf 91' lang='lat' dir='ltr'><strong>domini</strong></span> <span class='ocrx_word' id='word_1_28' title='bbox 671 1037 703 1100; x_wconf 90' lang='lat' dir='ltr'><strong>et</strong></span> <span class='ocrx_word' id='word_1_29' title='bbox 734 1028 902 1100; x_wconf 88' lang='lat' dir='ltr'><strong>salvatoris</strong></span> <span class='ocrx_word' id='word_1_30' title='bbox 933 1029 1036 1099; x_wconf 79' lang='lat' dir='ltr'><strong>nostri</strong></span> <span class='ocrx_word' id='word_1_31' title='bbox 1067 1029 1160 1102; x_wconf 92' lang='lat' dir='ltr'><strong>ihesu</strong></span> <span class='ocrx_word' id='word_1_32' title='bbox 1184 1030 1296 1102; x_wconf 90' lang='lat' dir='ltr'><strong>christi</strong></span> <span class='ocrx_word' id='word_1_33' title='bbox 1327 1041 1360 1102; x_wconf 87' lang='lat' dir='ltr'><strong>et</strong></span> <span class='ocrx_word' id='word_1_34' title='bbox 1394 1055 1471 1104; x_wconf 89' lang='lat' dir='ltr'><strong>cum</strong></span> <span class='ocrx_word' id='word_1_35' title='bbox 1504 1032 1654 1102; x_wconf 92' lang='lat' dir='ltr'><strong>omnibus</strong></span> 
     </span>
     <span class='ocr_line' id='line_1_5' title="bbox 237 1154 1655 1258; baseline 0 -32"><span class='ocrx_word' id='word_1_36' title='bbox 237 1155 363 1228; x_wconf 83' lang='lat' dir='ltr'><strong>creticis</strong></span> <span class='ocrx_word' id='word_1_37' title='bbox 388 1155 575 1227; x_wconf 88' lang='lat' dir='ltr'><strong>anathemas</strong></span> <span class='ocrx_word' id='word_1_38' title='bbox 598 1154 781 1249; x_wconf 84' lang='lat' dir='ltr'><strong>possideant</strong></span> <span class='ocrx_word' id='word_1_39' title='bbox 804 1165 837 1226; x_wconf 95' lang='lat' dir='ltr'><strong>et</strong></span> <span class='ocrx_word' id='word_1_40' title='bbox 860 1178 958 1258; x_wconf 90' lang='lat' dir='ltr'><strong>super</strong></span> <span class='ocrx_word' id='word_1_41' title='bbox 980 1155 1041 1226; x_wconf 91' lang='lat' dir='ltr'><strong>bec</strong></span> <span class='ocrx_word' id='word_1_42' title='bbox 1056 1156 1139 1226; x_wconf 85' lang='lat' dir='ltr'><strong>mala</strong></span> <span class='ocrx_word' id='word_1_43' title='bbox 1156 1166 1329 1250; x_wconf 88' lang='lat' dir='ltr'><strong>componat</strong></span> <span class='ocrx_word' id='word_1_44' title='bbox 1344 1157 1437 1228; x_wconf 86' lang='lat' dir='ltr'><strong>robis</strong></span> <span class='ocrx_word' id='word_1_45' title='bbox 1453 1158 1655 1252; x_wconf 82' lang='lat' dir='ltr'><strong>posterisque</strong></span> 
     </span>
     <span class='ocr_line' id='line_1_6' title="bbox 237 1282 1657 1378; baseline 0.002 -27"><span class='ocrx_word' id='word_1_46' title='bbox 237 1284 353 1356; x_wconf 86' lang='lat' dir='ltr'><strong>restris</strong></span> <span class='ocrx_word' id='word_1_47' title='bbox 389 1282 622 1374; x_wconf 86' lang='lat' dir='ltr'><strong>nominatoque</strong></span> <span class='ocrx_word' id='word_1_48' title='bbox 645 1291 753 1353; x_wconf 87' lang='lat' dir='ltr'><strong>restro</strong></span> <span class='ocrx_word' id='word_1_49' title='bbox 777 1283 974 1353; x_wconf 90' lang='lat' dir='ltr'><strong>monasterio</strong></span> <span class='ocrx_word' id='word_1_50' title='bbox 1008 1284 1079 1352; x_wconf 91' lang='lat' dir='ltr'><strong>auri</strong></span> <span class='ocrx_word' id='word_1_51' title='bbox 1117 1283 1215 1352; x_wconf 91' lang='lat' dir='ltr'><strong>libras</strong></span> <span class='ocrx_word' id='word_1_52' title='bbox 1249 1293 1314 1354; x_wconf 90' lang='lat' dir='ltr'><strong>tres</strong></span> <span class='ocrx_word' id='word_1_53' title='bbox 1345 1285 1537 1378; x_wconf 78' lang='lat' dir='ltr'><strong>bytiantaas.</strong></span> <span class='ocrx_word' id='word_1_54' title='bbox 1563 1295 1595 1355; x_wconf 90' lang='lat' dir='ltr'><strong>et</strong></span> <span class='ocrx_word' id='word_1_55' title='bbox 1629 1284 1657 1354; x_wconf 92' lang='lat' dir='ltr'><strong>si</strong></span> 
     </span>
     <span class='ocr_line' id='line_1_7' title="bbox 239 1403 1658 1500; baseline -0.001 -24"><span class='ocrx_word' id='word_1_56' title='bbox 239 1429 302 1500; x_wconf 80' lang='lat' dir='ltr'><strong>ego</strong></span> <span class='ocrx_word' id='word_1_57' title='bbox 326 1408 395 1500; x_wconf 89' lang='lat' dir='ltr'><strong>ipse</strong></span> <span class='ocrx_word' id='word_1_58' title='bbox 419 1415 476 1476; x_wconf 90' lang='lat' dir='ltr'><strong>aut</strong></span> <span class='ocrx_word' id='word_1_59' title='bbox 498 1405 579 1477; x_wconf 91' lang='lat' dir='ltr'><strong>meis</strong></span> <span class='ocrx_word' id='word_1_60' title='bbox 602 1404 773 1475; x_wconf 79' lang='lat' dir='ltr'><strong>heredibus</strong></span> <span class='ocrx_word' id='word_1_61' title='bbox 796 1415 908 1472; x_wconf 89' lang='lat' dir='ltr'><strong>contra</strong></span> <span class='ocrx_word' id='word_1_62' title='bbox 932 1404 1015 1474; x_wconf 89' lang='lat' dir='ltr'><strong>hanc</strong></span> <span class='ocrx_word' id='word_1_63' title='bbox 1038 1403 1218 1476; x_wconf 79' lang='lat' dir='ltr'><strong>chartulam</strong></span> <span class='ocrx_word' id='word_1_64' title='bbox 1248 1407 1360 1479; x_wconf 84' lang='lat' dir='ltr'><strong>venire</strong></span> <span class='ocrx_word' id='word_1_65' title='bbox 1392 1407 1658 1500; x_wconf 92' lang='lat' dir='ltr'><strong>presumserimus</strong></span> 
     </span>
     <span class='ocr_line' id='line_1_8' title="bbox 238 1530 1661 1625; baseline -0.001 -22"><span class='ocrx_word' id='word_1_66' title='bbox 238 1555 296 1624; x_wconf 89' lang='lat' dir='ltr'><strong>per</strong></span> <span class='ocrx_word' id='word_1_67' title='bbox 320 1531 436 1625; x_wconf 87' lang='lat' dir='ltr'><strong>quovis</strong></span> <span class='ocrx_word' id='word_1_68' title='bbox 460 1533 595 1602; x_wconf 93' lang='lat' dir='ltr'><strong>modum</strong></span> <span class='ocrx_word' id='word_1_69' title='bbox 618 1537 674 1602; x_wconf 91' lang='lat' dir='ltr'><strong>aut</strong></span> <span class='ocrx_word' id='word_1_70' title='bbox 699 1530 876 1602; x_wconf 87' lang='lat' dir='ltr'><strong>summissis</strong></span> <span class='ocrx_word' id='word_1_71' title='bbox 899 1530 1042 1624; x_wconf 89' lang='lat' dir='ltr'><strong>personis</strong></span> <span class='ocrx_word' id='word_1_72' title='bbox 1066 1531 1100 1600; x_wconf 93' lang='lat' dir='ltr'><strong>in</strong></span> <span class='ocrx_word' id='word_1_73' title='bbox 1137 1531 1302 1602; x_wconf 85' lang='lat' dir='ltr'><strong>nominata</strong></span> <span class='ocrx_word' id='word_1_74' title='bbox 1328 1533 1496 1603; x_wconf 87' lang='lat' dir='ltr'><strong>anathema</strong></span> <span class='ocrx_word' id='word_1_75' title='bbox 1521 1543 1553 1605; x_wconf 89' lang='lat' dir='ltr'><strong>et</strong></span> <span class='ocrx_word' id='word_1_76' title='bbox 1576 1555 1661 1625; x_wconf 92' lang='lat' dir='ltr'><strong>poe-</strong></span> 
     </span>
     <span class='ocr_line' id='line_1_9' title="bbox 237 1653 1661 1754; baseline 0.004 -30"><span class='ocrx_word' id='word_1_77' title='bbox 237 1680 279 1724; x_wconf 91' lang='lat' dir='ltr'><strong>na</strong></span> <span class='ocrx_word' id='word_1_78' title='bbox 303 1655 524 1726; x_wconf 88' lang='lat' dir='ltr'><strong>subiaceamus</strong></span> <span class='ocrx_word' id='word_1_79' title='bbox 547 1664 581 1727; x_wconf 91' lang='lat' dir='ltr'><strong>et</strong></span> <span class='ocrx_word' id='word_1_80' title='bbox 603 1653 664 1726; x_wconf 93' lang='lat' dir='ltr'><strong>bec</strong></span> <span class='ocrx_word' id='word_1_81' title='bbox 687 1656 810 1727; x_wconf 87' lang='lat' dir='ltr'><strong>cartula</strong></span> <span class='ocrx_word' id='word_1_82' title='bbox 834 1656 973 1750; x_wconf 89' lang='lat' dir='ltr'><strong>qualiter</strong></span> <span class='ocrx_word' id='word_1_83' title='bbox 1000 1657 1146 1728; x_wconf 82' lang='lat' dir='ltr'><strong>continet</strong></span> <span class='ocrx_word' id='word_1_84' title='bbox 1175 1658 1267 1728; x_wconf 83' lang='lat' dir='ltr'><strong>firma</strong></span> <span class='ocrx_word' id='word_1_85' title='bbox 1300 1667 1486 1752; x_wconf 86' lang='lat' dir='ltr'><strong>permaneat</strong></span> <span class='ocrx_word' id='word_1_86' title='bbox 1517 1659 1552 1730; x_wconf 95' lang='lat' dir='ltr'><strong>in</strong></span> <span class='ocrx_word' id='word_1_87' title='bbox 1584 1685 1661 1754; x_wconf 83' lang='lat' dir='ltr'><strong>per-</strong></span> 
     </span>
     <span class='ocr_line' id='line_1_10' title="bbox 237 1780 1662 1879; baseline 0.005 -28"><span class='ocrx_word' id='word_1_88' title='bbox 237 1791 374 1873; x_wconf 87' lang='lat' dir='ltr'><strong>petuum</strong></span> <span class='ocrx_word' id='word_1_89' title='bbox 397 1780 517 1874; x_wconf 84' lang='lat' dir='ltr'><strong>scripta</strong></span> <span class='ocrx_word' id='word_1_90' title='bbox 539 1803 598 1874; x_wconf 92' lang='lat' dir='ltr'><strong>per</strong></span> <span class='ocrx_word' id='word_1_91' title='bbox 619 1803 734 1852; x_wconf 91' lang='lat' dir='ltr'><strong>manus</strong></span> <span class='ocrx_word' id='word_1_92' title='bbox 758 1781 909 1852; x_wconf 89' lang='lat' dir='ltr'><strong>iohannis</strong></span> <span class='ocrx_word' id='word_1_93' title='bbox 932 1782 1062 1855; x_wconf 89' lang='lat' dir='ltr'><strong>curialis</strong></span> <span class='ocrx_word' id='word_1_94' title='bbox 1084 1782 1223 1856; x_wconf 87' lang='lat' dir='ltr'><strong>scribere</strong></span> <span class='ocrx_word' id='word_1_95' title='bbox 1247 1797 1379 1879; x_wconf 81' lang='lat' dir='ltr'><strong>rogatus</strong></span> <span class='ocrx_word' id='word_1_96' title='bbox 1401 1807 1460 1878; x_wconf 91' lang='lat' dir='ltr'><strong>per</strong></span> <span class='ocrx_word' id='word_1_97' title='bbox 1489 1786 1662 1858; x_wconf 80' lang='lat' dir='ltr'><strong>indictione</strong></span> 
     </span>
     <span class='ocr_line' id='line_1_11' title="bbox 239 1903 907 2000; baseline 0.001 -24"><span class='ocrx_word' id='word_1_98' title='bbox 239 1907 404 1977; x_wconf 82' lang='lat' dir='ltr'><strong>nominata</strong></span> <span class='ocrx_word' id='word_1_99' title='bbox 427 1903 586 2000; x_wconf 84' lang='lat' dir='ltr'><strong>prima†</strong></span> <span class='ocrx_word' id='word_1_100' title='bbox 592 1953 699 1974; x_wconf 89' lang='grc'><strong>.....</strong></span> <span class='ocrx_word' id='word_1_101' title='bbox 707 1905 769 1976; x_wconf 87' lang='lat' dir='ltr'><strong>alia</strong></span> <span class='ocrx_word' id='word_1_102' title='bbox 793 1928 907 1977; x_wconf 92' lang='lat' dir='ltr'><strong>manus</strong></span> 
     </span>
    </p>

    <p class='ocr_par' dir='ltr' id='par_1_3' title="bbox 239 2032 1668 2506">
     <span class='ocr_line' id='line_1_12' title="bbox 334 2032 1664 2128; baseline 0.002 -24"><span class='ocrx_word' id='word_1_103' title='bbox 334 2036 408 2104; x_wconf 89' lang='lat' dir='ltr'><strong>Hoc</strong></span> <span class='ocrx_word' id='word_1_104' title='bbox 436 2034 565 2127; x_wconf 79' lang='lat' dir='ltr'><strong>signum</strong></span> <span class='ocrx_word' id='word_1_105' title='bbox 580 2032 611 2127; x_wconf 87' lang='lat'>†</span> <span class='ocrx_word' id='word_1_106' title='bbox 626 2055 740 2104; x_wconf 89' lang='lat' dir='ltr'><strong>manus</strong></span> <span class='ocrx_word' id='word_1_107' title='bbox 760 2033 926 2114; x_wconf 74' lang='lat' dir='ltr'><strong>‚nominati</strong></span> <span class='ocrx_word' id='word_1_108' title='bbox 949 2032 1099 2105; x_wconf 91' lang='lat' dir='ltr'><strong>iohannis</strong></span> <span class='ocrx_word' id='word_1_109' title='bbox 1123 2035 1180 2128; x_wconf 90' lang='lat' dir='ltr'><strong>qui</strong></span> <span class='ocrx_word' id='word_1_110' title='bbox 1197 2056 1259 2125; x_wconf 93' lang='lat' dir='ltr'><strong>pro</strong></span> <span class='ocrx_word' id='word_1_111' title='bbox 1290 2056 1378 2105; x_wconf 88' lang='lat' dir='ltr'><strong>mors</strong></span> <span class='ocrx_word' id='word_1_112' title='bbox 1402 2035 1461 2128; x_wconf 87' lang='lat' dir='ltr'><strong>qui</strong></span> <span class='ocrx_word' id='word_1_113' title='bbox 1484 2058 1561 2106; x_wconf 91' lang='lat' dir='ltr'><strong>eum</strong></span> <span class='ocrx_word' id='word_1_114' title='bbox 1578 2036 1664 2106; x_wconf 90' lang='lat' dir='ltr'><strong>hoc-</strong></span> 
     </span>
     <span class='ocr_line' id='line_1_13' title="bbox 240 2157 1667 2254; baseline 0.001 -26"><span class='ocrx_word' id='word_1_115' title='bbox 240 2157 371 2253; x_wconf 84' lang='lat' dir='ltr'><strong>cuparit</strong></span> <span class='ocrx_word' id='word_1_116' title='bbox 404 2159 538 2230; x_wconf 90' lang='lat' dir='ltr'><strong>minime</strong></span> <span class='ocrx_word' id='word_1_117' title='bbox 559 2158 723 2228; x_wconf 85' lang='lat' dir='ltr'><strong>concurrit</strong></span> <span class='ocrx_word' id='word_1_118' title='bbox 756 2157 906 2228; x_wconf 89' lang='lat' dir='ltr'><strong>manibus</strong></span> <span class='ocrx_word' id='word_1_119' title='bbox 931 2157 997 2228; x_wconf 90' lang='lat' dir='ltr'><strong>suis</strong></span> <span class='ocrx_word' id='word_1_120' title='bbox 1022 2157 1099 2228; x_wconf 93' lang='lat' dir='ltr'><strong>huic</strong></span> <span class='ocrx_word' id='word_1_121' title='bbox 1122 2157 1262 2229; x_wconf 88' lang='lat' dir='ltr'><strong>scribere</strong></span> <span class='ocrx_word' id='word_1_122' title='bbox 1285 2160 1344 2254; x_wconf 93' lang='lat' dir='ltr'><strong>qui</strong></span> <span class='ocrx_word' id='word_1_123' title='bbox 1369 2160 1480 2230; x_wconf 91' lang='lat' dir='ltr'><strong>omnia</strong></span> <span class='ocrx_word' id='word_1_124' title='bbox 1503 2159 1667 2231; x_wconf 86' lang='lat' dir='ltr'><strong>nominata</strong></span> 
     </span>
     <span class='ocr_line' id='line_1_14' title="bbox 239 2285 1668 2381; baseline 0.001 -27"><span class='ocrx_word' id='word_1_125' title='bbox 239 2286 419 2358; x_wconf 89' lang='lat' dir='ltr'><strong>consenties</strong></span> <span class='ocrx_word' id='word_1_126' title='bbox 443 2296 476 2356; x_wconf 93' lang='lat' dir='ltr'><strong>et</strong></span> <span class='ocrx_word' id='word_1_127' title='bbox 499 2295 594 2357; x_wconf 86' lang='lat' dir='ltr'><strong>testes</strong></span> <span class='ocrx_word' id='word_1_128' title='bbox 625 2295 663 2357; x_wconf 92' lang='lat' dir='ltr'><strong>ut</strong></span> <span class='ocrx_word' id='word_1_129' title='bbox 693 2285 927 2356; x_wconf 84' lang='lat' dir='ltr'><strong>subscriberem</strong></span> <span class='ocrx_word' id='word_1_130' title='bbox 959 2285 1087 2378; x_wconf 82' lang='lat' dir='ltr'><strong>rogarit</strong></span> <span class='ocrx_word' id='word_1_131' title='bbox 1118 2285 1209 2380; x_wconf 88' lang='lat' dir='ltr'><strong>quod</strong></span> <span class='ocrx_word' id='word_1_132' title='bbox 1233 2307 1295 2379; x_wconf 83' lang='lat' dir='ltr'><strong>ego</strong></span> <span class='ocrx_word' id='word_1_133' title='bbox 1319 2285 1377 2380; x_wconf 90' lang='lat' dir='ltr'><strong>qui</strong></span> <span class='ocrx_word' id='word_1_134' title='bbox 1401 2286 1584 2358; x_wconf 90' lang='lat' dir='ltr'><strong>nominatos</strong></span> <span class='ocrx_word' id='word_1_135' title='bbox 1607 2310 1668 2381; x_wconf 93' lang='lat' dir='ltr'><strong>pro</strong></span> 
     </span>
     <span class='ocr_line' id='line_1_15' title="bbox 241 2409 952 2506; baseline -0.006 -22"><span class='ocrx_word' id='word_1_136' title='bbox 241 2437 318 2486; x_wconf 93' lang='lat' dir='ltr'><strong>eum</strong></span> <span class='ocrx_word' id='word_1_137' title='bbox 346 2413 519 2506; x_wconf 90' lang='lat' dir='ltr'><strong>subscripsi</strong></span> <span class='ocrx_word' id='word_1_138' title='bbox 541 2409 587 2506; x_wconf 89' lang='lat'><strong>†.</strong></span> <span class='ocrx_word' id='word_1_139' title='bbox 604 2422 700 2484; x_wconf 86' lang='lat' dir='ltr'><strong>...et</strong></span> <span class='ocrx_word' id='word_1_140' title='bbox 731 2414 792 2484; x_wconf 87' lang='lat' dir='ltr'><strong>alia</strong></span> <span class='ocrx_word' id='word_1_141' title='bbox 823 2435 952 2485; x_wconf 86' lang='lat' dir='ltr'><strong>manus.</strong></span> 
     </span>
    </p>

    <p class='ocr_par' dir='ltr' id='par_1_4' title="bbox 241 2511 1661 2732">
     <span class='ocr_line' id='line_1_16' title="bbox 337 2511 1661 2632; baseline 0.001 -25"><span class='ocrx_word' id='word_1_142' title='bbox 337 2534 446 2631; x_wconf 77' lang='grc' dir='ltr'><strong>-Ῑ-εγο</strong></span> <span class='ocrx_word' id='word_1_143' title='bbox 479 2541 651 2606; x_wconf 79' lang='grc' dir='ltr'>αασιλιουσ</span> <span class='ocrx_word' id='word_1_144' title='bbox 682 2511 716 2605; x_wconf 50' lang='grc' dir='ltr'><em>ᾗ</em></span> <span class='ocrx_word' id='word_1_145' title='bbox 741 2561 834 2609; x_wconf 81' lang='lat' dir='ltr'><strong>rocrrr</strong></span> <span class='ocrx_word' id='word_1_146' title='bbox 858 2559 1024 2631; x_wconf 68' lang='lat' dir='ltr'><strong>poporooo</strong></span> <span class='ocrx_word' id='word_1_147' title='bbox 1049 2565 1072 2607; x_wconf 83' lang='grc' dir='ltr'><em>α</em></span> <span class='ocrx_word' id='word_1_148' title='bbox 1096 2517 1179 2610; x_wconf 57' lang='grc' dir='ltr'><strong>ὧῖο</strong></span> <span class='ocrx_word' id='word_1_149' title='bbox 1203 2565 1301 2611; x_wconf 73' lang='lat' dir='ltr'><strong>cocras</strong></span> <span class='ocrx_word' id='word_1_150' title='bbox 1327 2521 1551 2632; x_wconf 67' lang='lat' dir='ltr'><strong>rsorrddvc†</strong></span> <span class='ocrx_word' id='word_1_151' title='bbox 1558 2589 1661 2608; x_wconf 89' lang='grc'><strong>.....</strong></span> 
     </span>
     <span class='ocr_line' id='line_1_17' title="bbox 241 2659 508 2732; baseline -0.007 -3"><span class='ocrx_word' id='word_1_152' title='bbox 241 2659 388 2732; x_wconf 76' lang='lat' dir='ltr'><strong>simililer</strong></span> <span class='ocrx_word' id='word_1_153' title='bbox 410 2660 508 2732; x_wconf 78' lang='lat' dir='ltr'><strong>testis.</strong></span> 
     </span>
    </p>

    <p class='ocr_par' dir='ltr' id='par_1_5' title="bbox 338 2783 1667 2883">
     <span class='ocr_line' id='line_1_18' title="bbox 338 2783 1667 2883; baseline -0.003 -25"><span class='ocrx_word' id='word_1_154' title='bbox 338 2786 369 2880; x_wconf 91' lang='lat'>†</span> <span class='ocrx_word' id='word_1_155' title='bbox 392 2789 466 2883; x_wconf 84' lang='lat' dir='ltr'><strong>Ego</strong></span> <span class='ocrx_word' id='word_1_156' title='bbox 490 2786 667 2860; x_wconf 90' lang='lat' dir='ltr'><strong>theodorus</strong></span> <span class='ocrx_word' id='word_1_157' title='bbox 691 2785 775 2858; x_wconf 91' lang='lat' dir='ltr'><strong>titius</strong></span> <span class='ocrx_word' id='word_1_158' title='bbox 800 2785 922 2858; x_wconf 89' lang='lat' dir='ltr'><strong>domini</strong></span> <span class='ocrx_word' id='word_1_159' title='bbox 946 2783 1101 2858; x_wconf 84' lang='lat' dir='ltr'><strong>cesarii..</strong></span> <span class='ocrx_word' id='word_1_160' title='bbox 1117 2832 1149 2854; x_wconf 84' lang='lat'><strong>..</strong></span> <span class='ocrx_word' id='word_1_161' title='bbox 1174 2786 1321 2859; x_wconf 88' lang='lat' dir='ltr'><strong>similiter</strong></span> <span class='ocrx_word' id='word_1_162' title='bbox 1345 2789 1434 2860; x_wconf 90' lang='lat' dir='ltr'><strong>testis</strong></span> <span class='ocrx_word' id='word_1_163' title='bbox 1457 2798 1490 2860; x_wconf 90' lang='lat' dir='ltr'><strong>et</strong></span> <span class='ocrx_word' id='word_1_164' title='bbox 1511 2786 1574 2860; x_wconf 90' lang='lat' dir='ltr'><strong>alia</strong></span> <span class='ocrx_word' id='word_1_165' title='bbox 1591 2810 1667 2858; x_wconf 84' lang='lat' dir='ltr'><strong>ma-</strong></span> 
     </span>
    </p>
   </div>
   <div class='ocr_carea' id='block_1_3' title="bbox 242 2937 1569 3113">
    <p class='ocr_par' dir='ltr' id='par_1_6' title="bbox 242 2937 1569 3113">
     <span class='ocr_line' id='line_1_19' title="bbox 242 2937 321 2986; baseline 0.013 -1"><span class='ocrx_word' id='word_1_166' title='bbox 242 2937 321 2986; x_wconf 81' lang='lat' dir='ltr'><strong>IlllS·</strong></span> 
     </span>
     <span class='ocr_line' id='line_1_20' title="bbox 343 3010 1569 3113; baseline -0.005 -19"><span class='ocrx_word' id='word_1_167' title='bbox 343 3033 369 3113; x_wconf 94' lang='lat'><em>†</em></span> <span class='ocrx_word' id='word_1_168' title='bbox 389 3037 460 3094; x_wconf 82' lang='lat' dir='ltr'><strong>uro</strong></span> <span class='ocrx_word' id='word_1_169' title='bbox 479 3038 717 3096; x_wconf 76' lang='lat' dir='ltr'><strong>macacruono</strong></span> <span class='ocrx_word' id='word_1_170' title='bbox 737 3037 890 3098; x_wconf 79' lang='lat' dir='ltr'><strong>omrorc</strong></span> <span class='ocrx_word' id='word_1_171' title='bbox 912 3010 966 3094; x_wconf 69' lang='lat' dir='ltr'><strong>h‘n</strong></span> <span class='ocrx_word' id='word_1_172' title='bbox 986 3040 1118 3098; x_wconf 79' lang='lat' dir='ltr'><strong>roaruu</strong></span> <span class='ocrx_word' id='word_1_173' title='bbox 1137 3019 1223 3098; x_wconf 58' lang='lat' dir='ltr'><strong>ruffi</strong></span> <span class='ocrx_word' id='word_1_174' title='bbox 1229 3068 1332 3092; x_wconf 89' lang='grc'><strong>.....</strong></span> <span class='ocrx_word' id='word_1_175' title='bbox 1358 3019 1421 3091; x_wconf 84' lang='lat' dir='ltr'><strong>alia</strong></span> <span class='ocrx_word' id='word_1_176' title='bbox 1437 3041 1569 3090; x_wconf 86' lang='lat' dir='ltr'><strong>manus.</strong></span> 
     </span>
    </p>
   </div>
   <div class='ocr_carea' id='block_1_4' title="bbox 340 3144 1670 3244">
    <p class='ocr_par' dir='ltr' id='par_1_7' title="bbox 340 3144 1670 3244">
     <span class='ocr_line' id='line_1_21' title="bbox 340 3144 1670 3244; baseline 0 -28"><span class='ocrx_word' id='word_1_177' title='bbox 340 3144 465 3240; x_wconf 80' lang='lat' dir='ltr'><strong>†Ego</strong></span> <span class='ocrx_word' id='word_1_178' title='bbox 488 3147 648 3217; x_wconf 88' lang='lat' dir='ltr'><strong>lohannes</strong></span> <span class='ocrx_word' id='word_1_179' title='bbox 671 3147 809 3218; x_wconf 85' lang='lat' dir='ltr'><strong>Curialis</strong></span> <span class='ocrx_word' id='word_1_180' title='bbox 833 3149 892 3242; x_wconf 88' lang='lat' dir='ltr'><strong>qui</strong></span> <span class='ocrx_word' id='word_1_181' title='bbox 916 3149 1100 3220; x_wconf 88' lang='lat' dir='ltr'><strong>nominatos</strong></span> <span class='ocrx_word' id='word_1_182' title='bbox 1134 3158 1208 3244; x_wconf 91' lang='lat' dir='ltr'><strong>post</strong></span> <span class='ocrx_word' id='word_1_183' title='bbox 1239 3147 1508 3242; x_wconf 85' lang='lat' dir='ltr'><strong>subscriptionem</strong></span> <span class='ocrx_word' id='word_1_184' title='bbox 1540 3146 1670 3217; x_wconf 87' lang='lat' dir='ltr'><strong>testium</strong></span> 
     </span>
    </p>
   </div>
   <div class='ocr_carea' id='block_1_5' title="bbox 246 3271 1678 4115">
    <p class='ocr_par' dir='ltr' id='par_1_8' title="bbox 246 3271 1671 3466">
     <span class='ocr_line' id='line_1_22' title="bbox 246 3271 1671 3367; baseline -0.001 -25"><span class='ocrx_word' id='word_1_185' title='bbox 246 3271 407 3366; x_wconf 88' lang='lat' dir='ltr'><strong>compleri</strong></span> <span class='ocrx_word' id='word_1_186' title='bbox 430 3282 463 3343; x_wconf 90' lang='lat' dir='ltr'><strong>ct</strong></span> <span class='ocrx_word' id='word_1_187' title='bbox 486 3272 610 3344; x_wconf 84' lang='lat' dir='ltr'><strong>absolvi</strong></span> <span class='ocrx_word' id='word_1_188' title='bbox 634 3273 685 3344; x_wconf 89' lang='lat' dir='ltr'><strong>die</strong></span> <span class='ocrx_word' id='word_1_189' title='bbox 710 3282 743 3343; x_wconf 90' lang='lat' dir='ltr'><strong>et</strong></span> <span class='ocrx_word' id='word_1_190' title='bbox 766 3271 943 3343; x_wconf 89' lang='lat' dir='ltr'><strong>indictione</strong></span> <span class='ocrx_word' id='word_1_191' title='bbox 967 3273 1134 3350; x_wconf 88' lang='lat' dir='ltr'><strong>nominata</strong></span> <span class='ocrx_word' id='word_1_192' title='bbox 1158 3273 1261 3367; x_wconf 88' lang='lat' dir='ltr'><strong>prima</strong></span> <span class='ocrx_word' id='word_1_193' title='bbox 1285 3273 1333 3366; x_wconf 91' lang='lat'><strong>†.</strong></span> <span class='ocrx_word' id='word_1_194' title='bbox 1347 3322 1357 3344; x_wconf 88' lang='lat'><strong>.</strong></span> <span class='ocrx_word' id='word_1_195' title='bbox 1371 3319 1404 3342; x_wconf 85' lang='lat'><strong>..</strong></span> <span class='ocrx_word' id='word_1_196' title='bbox 1439 3271 1588 3343; x_wconf 91' lang='lat' dir='ltr'><strong>similiter</strong></span> <span class='ocrx_word' id='word_1_197' title='bbox 1609 3272 1671 3340; x_wconf 90' lang='lat' dir='ltr'><strong>alia</strong></span> 
     </span>
     <span class='ocr_line' id='line_1_23' title="bbox 246 3418 378 3466; baseline 0 0"><span class='ocrx_word' id='word_1_198' title='bbox 246 3418 378 3466; x_wconf 90' lang='lat' dir='ltr'><strong>manus.</strong></span> 
     </span>
    </p>

    <p class='ocr_par' dir='ltr' id='par_1_9' title="bbox 246 3520 1678 3869">
     <span class='ocr_line' id='line_1_24' title="bbox 343 3520 1678 3617; baseline -0.002 -24"><span class='ocrx_word' id='word_1_199' title='bbox 343 3531 374 3614; x_wconf 84' lang='lat'>†</span> <span class='ocrx_word' id='word_1_200' title='bbox 397 3523 471 3616; x_wconf 81' lang='lat' dir='ltr'><strong>Ego</strong></span> <span class='ocrx_word' id='word_1_201' title='bbox 494 3521 665 3617; x_wconf 82' lang='lat' dir='ltr'><strong>gregorius</strong></span> <span class='ocrx_word' id='word_1_202' title='bbox 688 3520 861 3616; x_wconf 91' lang='lat' dir='ltr'><strong>primarius</strong></span> <span class='ocrx_word' id='word_1_203' title='bbox 885 3521 984 3596; x_wconf 83' lang='lat' dir='ltr'><strong>Curio</strong></span> <span class='ocrx_word' id='word_1_204' title='bbox 1007 3522 1105 3594; x_wconf 92' lang='lat' dir='ltr'><strong>huius</strong></span> <span class='ocrx_word' id='word_1_205' title='bbox 1129 3522 1268 3594; x_wconf 85' lang='lat' dir='ltr'><strong>civitatis</strong></span> <span class='ocrx_word' id='word_1_206' title='bbox 1290 3521 1434 3616; x_wconf 86' lang='lat' dir='ltr'><strong>neapolis</strong></span> <span class='ocrx_word' id='word_1_207' title='bbox 1467 3523 1528 3592; x_wconf 91' lang='lat' dir='ltr'><strong>hec</strong></span> <span class='ocrx_word' id='word_1_208' title='bbox 1557 3543 1678 3592; x_wconf 87' lang='lat' dir='ltr'><strong>exem-</strong></span> 
     </span>
     <span class='ocr_line' id='line_1_25' title="bbox 246 3647 1674 3743; baseline 0.001 -25"><span class='ocrx_word' id='word_1_209' title='bbox 246 3649 348 3743; x_wconf 91' lang='lat' dir='ltr'><strong>plarie</strong></span> <span class='ocrx_word' id='word_1_210' title='bbox 372 3648 519 3722; x_wconf 78' lang='lat' dir='ltr'><strong>chartule</strong></span> <span class='ocrx_word' id='word_1_211' title='bbox 543 3649 722 3721; x_wconf 81' lang='lat' dir='ltr'><strong>offertionis</strong></span> <span class='ocrx_word' id='word_1_212' title='bbox 745 3649 830 3718; x_wconf 88' lang='lat' dir='ltr'><strong>sicut</strong></span> <span class='ocrx_word' id='word_1_213' title='bbox 853 3648 1001 3743; x_wconf 90' lang='lat' dir='ltr'><strong>superius</strong></span> <span class='ocrx_word' id='word_1_214' title='bbox 1024 3648 1143 3743; x_wconf 85' lang='lat' dir='ltr'><strong>legitur</strong></span> <span class='ocrx_word' id='word_1_215' title='bbox 1168 3675 1210 3722; x_wconf 87' lang='lat' dir='ltr'><strong>cx</strong></span> <span class='ocrx_word' id='word_1_216' title='bbox 1227 3649 1410 3722; x_wconf 89' lang='lat' dir='ltr'><strong>authentica</strong></span> <span class='ocrx_word' id='word_1_217' title='bbox 1427 3647 1568 3720; x_wconf 88' lang='lat' dir='ltr'><strong>rclebata</strong></span> <span class='ocrx_word' id='word_1_218' title='bbox 1583 3661 1615 3718; x_wconf 90' lang='lat' dir='ltr'><strong>et</strong></span> <span class='ocrx_word' id='word_1_219' title='bbox 1631 3649 1674 3720; x_wconf 89' lang='lat' dir='ltr'><strong>ad</strong></span> 
     </span>
     <span class='ocr_line' id='line_1_26' title="bbox 249 3769 1673 3869; baseline -0.004 -24"><span class='ocrx_word' id='word_1_220' title='bbox 249 3777 392 3869; x_wconf 81' lang='lat' dir='ltr'><strong>singulas</strong></span> <span class='ocrx_word' id='word_1_221' title='bbox 415 3775 534 3848; x_wconf 87' lang='lat' dir='ltr'><strong>relecta</strong></span> <span class='ocrx_word' id='word_1_222' title='bbox 557 3797 633 3846; x_wconf 92' lang='lat' dir='ltr'><strong>cum</strong></span> <span class='ocrx_word' id='word_1_223' title='bbox 656 3773 756 3845; x_wconf 90' lang='lat' dir='ltr'><strong>nimia</strong></span> <span class='ocrx_word' id='word_1_224' title='bbox 779 3771 904 3844; x_wconf 77' lang='lat' dir='ltr'><strong>cautela</strong></span> <span class='ocrx_word' id='word_1_225' title='bbox 927 3794 988 3868; x_wconf 90' lang='lat' dir='ltr'><strong>pro</strong></span> <span class='ocrx_word' id='word_1_226' title='bbox 1013 3773 1169 3868; x_wconf 87' lang='lat' dir='ltr'><strong>ampliore</strong></span> <span class='ocrx_word' id='word_1_227' title='bbox 1203 3774 1273 3843; x_wconf 89' lang='lat' dir='ltr'><strong>eius</strong></span> <span class='ocrx_word' id='word_1_228' title='bbox 1288 3773 1439 3843; x_wconf 88' lang='lat' dir='ltr'><strong>firmitate</strong></span> <span class='ocrx_word' id='word_1_229' title='bbox 1455 3769 1673 3864; x_wconf 88' lang='lat' dir='ltr'><strong>subscripsi†</strong></span> 
     </span>
    </p>

    <p class='ocr_par' dir='ltr' id='par_1_10' title="bbox 249 3895 1676 4115">
     <span class='ocr_line' id='line_1_27' title="bbox 345 3895 1676 3992; baseline -0.002 -25"><span class='ocrx_word' id='word_1_230' title='bbox 345 3896 470 3992; x_wconf 73' lang='lat' dir='ltr'><strong>†Ego</strong></span> <span class='ocrx_word' id='word_1_231' title='bbox 493 3897 650 3969; x_wconf 82' lang='lat' dir='ltr'><strong>lohannes</strong></span> <span class='ocrx_word' id='word_1_232' title='bbox 674 3895 851 3968; x_wconf 86' lang='lat' dir='ltr'><strong>tabrdarius</strong></span> <span class='ocrx_word' id='word_1_233' title='bbox 884 3895 973 3968; x_wconf 91' lang='lat' dir='ltr'><strong>curie</strong></span> <span class='ocrx_word' id='word_1_234' title='bbox 1002 3895 1100 3968; x_wconf 91' lang='lat' dir='ltr'><strong>huius</strong></span> <span class='ocrx_word' id='word_1_235' title='bbox 1132 3896 1270 3968; x_wconf 88' lang='lat' dir='ltr'><strong>civitatis</strong></span> <span class='ocrx_word' id='word_1_236' title='bbox 1299 3896 1442 3990; x_wconf 87' lang='lat' dir='ltr'><strong>neapolis</strong></span> <span class='ocrx_word' id='word_1_237' title='bbox 1480 3919 1517 3967; x_wconf 90' lang='lat' dir='ltr'><strong>ec</strong></span> <span class='ocrx_word' id='word_1_238' title='bbox 1556 3918 1676 3965; x_wconf 83' lang='lat' dir='ltr'><strong>exem-</strong></span> 
     </span>
     <span class='ocr_line' id='line_1_28' title="bbox 249 4019 1676 4115; baseline -0.001 -23"><span class='ocrx_word' id='word_1_239' title='bbox 249 4023 352 4115; x_wconf 90' lang='lat' dir='ltr'><strong>plaria</strong></span> <span class='ocrx_word' id='word_1_240' title='bbox 377 4021 522 4094; x_wconf 88' lang='lat' dir='ltr'><strong>chartule</strong></span> <span class='ocrx_word' id='word_1_241' title='bbox 546 4021 724 4092; x_wconf 81' lang='lat' dir='ltr'><strong>offertionis</strong></span> <span class='ocrx_word' id='word_1_242' title='bbox 746 4021 830 4094; x_wconf 90' lang='lat' dir='ltr'><strong>sicut</strong></span> <span class='ocrx_word' id='word_1_243' title='bbox 853 4020 1001 4114; x_wconf 89' lang='lat' dir='ltr'><strong>superius</strong></span> <span class='ocrx_word' id='word_1_244' title='bbox 1025 4019 1145 4114; x_wconf 80' lang='lat' dir='ltr'><strong>legitur</strong></span> <span class='ocrx_word' id='word_1_245' title='bbox 1168 4045 1211 4092; x_wconf 85' lang='lat' dir='ltr'><strong>ex</strong></span> <span class='ocrx_word' id='word_1_246' title='bbox 1228 4019 1571 4094; x_wconf 81' lang='lat' dir='ltr'><strong>authenticarclerata</strong></span> <span class='ocrx_word' id='word_1_247' title='bbox 1587 4030 1619 4092; x_wconf 91' lang='lat' dir='ltr'><strong>et</strong></span> <span class='ocrx_word' id='word_1_248' title='bbox 1636 4021 1676 4090; x_wconf 93' lang='lat' dir='ltr'><strong>ad</strong></span> 
     </span>
    </p>
   </div>
   <div class='ocr_carea' id='block_1_6' title="bbox 249 4143 1631 4243">
    <p class='ocr_par' dir='ltr' id='par_1_11' title="bbox 249 4143 1631 4243">
     <span class='ocr_line' id='line_1_29' title="bbox 249 4143 1631 4243; baseline -0.001 -25"><span class='ocrx_word' id='word_1_249' title='bbox 249 4149 389 4243; x_wconf 85' lang='lat' dir='ltr'><strong>singulas</strong></span> <span class='ocrx_word' id='word_1_250' title='bbox 413 4149 532 4222; x_wconf 87' lang='lat' dir='ltr'><strong>relecta</strong></span> <span class='ocrx_word' id='word_1_251' title='bbox 554 4171 631 4221; x_wconf 90' lang='lat' dir='ltr'><strong>cum</strong></span> <span class='ocrx_word' id='word_1_252' title='bbox 653 4152 753 4224; x_wconf 88' lang='lat' dir='ltr'><strong>nimia</strong></span> <span class='ocrx_word' id='word_1_253' title='bbox 770 4149 894 4223; x_wconf 88' lang='lat' dir='ltr'><strong>cautela</strong></span> <span class='ocrx_word' id='word_1_254' title='bbox 909 4171 969 4243; x_wconf 93' lang='lat' dir='ltr'><strong>pro</strong></span> <span class='ocrx_word' id='word_1_255' title='bbox 986 4147 1142 4242; x_wconf 87' lang='lat' dir='ltr'><strong>ampliore</strong></span> <span class='ocrx_word' id='word_1_256' title='bbox 1160 4148 1229 4219; x_wconf 91' lang='lat' dir='ltr'><strong>eius</strong></span> <span class='ocrx_word' id='word_1_257' title='bbox 1246 4147 1395 4224; x_wconf 79' lang='lat' dir='ltr'><strong>firmitate</strong></span> <span class='ocrx_word' id='word_1_258' title='bbox 1411 4146 1585 4238; x_wconf 90' lang='lat' dir='ltr'><strong>subscripsi</strong></span> <span class='ocrx_word' id='word_1_259' title='bbox 1601 4143 1631 4238; x_wconf 88' lang='lat'>†</span> 
     </span>
    </p>
   </div>
   <div class='ocr_carea' id='block_1_7' title="bbox 0 0 2377 6512">
    <p class='ocr_par' dir='ltr' id='par_1_12' title="bbox 0 0 2377 6512">
     <span class='ocr_line' id='line_1_30' title="bbox 0 0 2377 6512; baseline 0 0"><span class='ocrx_word' id='word_1_260' title='bbox 0 0 2377 6512; x_wconf 95' lang='lat' dir='ltr'><strong> </strong></span> 
     </span>
    </p>
   </div>
  </div>
 </body>
</html>
