4616 6532
555 1171 607 1218 an.
769 1142 805 1210 ln
821 1141 955 1213 nomine
970 1135 1098 1211 domini
1115 1136 1167 1209 dei
1190 1135 1360 1208 salvatoris
1374 1137 1477 1208 nostri
1491 1138 1585 1210 ibesu
1597 1138 1711 1210 cbristi
1727 1139 1961 1235 imperantibus
1977 1143 2136 1214 dominis

542 1282 626 1344 912.
675 1267 794 1341 nostris
816 1267 911 1338 leone
935 1274 969 1339 et
991 1264 1168 1338 alexandro
1199 1264 1454 1362 porlirosgenitis
1477 1268 1604 1360 magnis
1626 1266 1876 1362 imperatoribus
1903 1292 1989 1339 anno
2013 1271 2133 1340 trice-

675 1397 759 1468 simo
783 1403 903 1489 quarto
925 1393 982 1464 sed
1006 1401 1040 1463 et
1062 1389 1265 1462 constantino
1289 1412 1409 1486 magno
1432 1391 1627 1486 imperatore
1650 1391 1721 1464 eius
1744 1394 1812 1465 fibo
1835 1403 1868 1466 et
1890 1407 2009 1488 nepote
2032 1419 2130 1466 anno

677 1529 796 1624 quarto
814 1520 864 1618 (t)
881 1521 934 1593 die
949 1518 1102 1590 vicesima
1125 1518 1262 1612 septima
1283 1518 1403 1591 mensis
1425 1518 1563 1590 ianuarii
1582 1519 1757 1593 indictione
1772 1521 2012 1616 quintadecima
2030 1547 2125 1594 nea-

680 1649 748 1742 poli
771 1649 905 1722 Certum
928 1655 977 1720 est
1000 1669 1060 1718 nos
1092 1645 1290 1719 theodorum
1323 1647 1418 1720 miles
1450 1646 1537 1718 tilius
1571 1649 1705 1744 quidam
1740 1648 1864 1721 domini
1888 1650 2015 1721 ioannis
2049 1653 2127 1722 tri-

678 1773 758 1844 buni
793 1781 825 1844 et
849 1774 938 1866 pitru
965 1771 1100 1844 bonesta
1128 1773 1249 1844 femina
1279 1772 1345 1846 lilia
1361 1773 1496 1868 quidam
1514 1775 1639 1846 domini
1661 1775 1812 1848 theodori
1841 1777 2022 1872 etquidem
2046 1779 2121 1848 do-

558 1923 566 1934 ’
677 1899 777 1970 rnini.
792 1947 800 1966 .
816 1947 824 1966 .
841 1895 1016 1990 ‚iugalium
1027 1919 1240 1989 personarum
1252 1897 1317 1969 boe
1329 1909 1378 1971 est
1391 1898 1459 1970 thia
1470 1909 1503 1970 et
1520 1909 1637 1993 nepote
1651 1901 1680 1970 Α
1698 1901 1839 1996 presenti
1852 1901 1904 1973 die
1916 1912 1949 1973 et
1965 1903 2121 1997 deinceps

678 2023 898 2121 promtissima
929 2021 1099 2093 voluntate
1135 2021 1395 2093 venundedimus
1434 2033 1468 2096 et
1501 2023 1694 2095 tradidimus
1729 2027 1823 2096 vobis
1853 2018 2011 2122 stephano
2033 2030 2123 2120 filius

680 2151 815 2247 quidam
839 2147 965 2222 domini
982 2145 1067 2240 petri
1091 2156 1125 2218 et
1150 2147 1281 2219 leonem
1303 2145 1390 2219 lilius
1413 2143 1548 2242 qnidam
1570 2150 1697 2222 domini
1711 2150 1842 2244 augusti
1866 2161 1899 2224 et
1922 2152 2061 2223 abitator
2086 2156 2124 2226 in

680 2279 753 2350 loeo
772 2279 833 2373 qui
855 2285 991 2348 vocatur
1010 2275 1225 2368 pumilionum
1248 2275 1329 2348 soris
1348 2297 1462 2346 arcora
1485 2277 1568 2349 idest
1590 2277 1625 2348 in
1649 2279 1778 2372 integro
1801 2279 1969 2372 portionas
1992 2291 2122 2350 nostras

681 2406 722 2474 de
737 2404 874 2476 fundum
879 2449 1151 2473 ............
1158 2399 1375 2496 pumilionum
1388 2399 1437 2496 (3)
1451 2401 1551 2472 simul
1573 2409 1786 2474 eum'omnes
1811 2422 1915 2474 terras
1937 2415 1970 2474 et
1986 2406 2124 2499 padules

766 2607 814 2689 (ι)
833 2609 988 2690 specimen
1008 2607 1207 2680 characteris,
1229 2625 1291 2686 quo
1311 2602 1430 2666 curialis
1450 2617 1632 2687 praesentem
1651 2605 1855 2666 membranam
1878 2609 2005 2670 armarit
2023 2605 2122 2668 editur

575 2737 579 2752 ·
686 2717 717 2778 in
737 2719 813 2781 Tab.
836 2718 861 2780 l.
881 2739 911 2778 η’.
932 2721 961 2780 3.
2283 2713 2284 2790 l

766 2832 812 2916 (a)
833 2835 880 2894 De
902 2853 1002 2909 anno,
1022 2851 1084 2914 quo
1104 2833 1322 2896 Constantinus
1335 2832 1622 2916 Porphyrogenitus
1642 2833 1769 2915 irnperio
1789 2833 1920 2896 sociatus
1940 2834 2027 2914 suit,
2055 2854 2123 2895 non
2283 2801 2284 2894 l

685 2965 778 3008 unam
799 2943 894 3006 modo
914 2944 1098 3007 sententiam
1117 2944 1280 3027 scriptores
1301 2941 1334 3002 in
1364 2941 1506 3006 medium
1535 2943 1721 3006 attulerunt.
1751 2945 1928 3006 chronicon
1956 2967 2114 3026 cavense,

684 3081 721 3124 ac
740 3058 868 3144 quidam
888 3057 1059 3140 byzantinis
1079 3080 1096 3122 e
1115 3055 1316 3142 scriptoribus
1336 3077 1420 3118 anno
1433 3067 1512 3139 908,
1535 3060 1641 3120 mensis
1656 3057 1745 3120 nulla
1759 3061 1883 3120 omnlino
1902 3057 2017 3122 iniecta
2028 3080 2118 3120 men·

684 3175 790 3248 tione,
825 3171 1011 3232 Muratorins
1030 3190 1116 3230 auno
1136 3186 1221 3248 912,
1250 3181 1282 3230 et
1311 3181 1414 3228 noster
1436 3173 1470 3230 Δ.
1500 3164 1539 3228 de
1567 3168 1640 3230 ldeo
1668 3188 1733 3228 non
1761 3183 1831 3230 ante
1851 3189 1981 3230 mensem
2002 3168 2116 3232 iulium
2283 3125 2284 3193 l

685 3281 827 3346 eiusdem
846 3281 919 3342 anni
933 3281 993 3360 908
1014 3289 1086 3339 eum
1106 3279 1224 3359 imperii
1244 3279 1359 3340 socium
1381 3293 1594 3358 nuncupatum
1607 3278 1697 3343 luisse
1718 3279 1918 3342 crediderunt.
1939 3281 2008 3362 lpse
2028 3301 2118 3362 porro

686 3394 726 3457 de
746 3392 817 3453 Meo
836 3390 868 3452 in
888 3391 950 3452 suis
970 3386 1204 3467 chronologicis
1221 3388 1351 3450 Tabulis
1371 3387 1425 3470 (p.
1440 3401 1501 3460 412
1512 3388 1538 3472 )‚
1553 3389 1720 3452 societatem
1734 3392 1814 3452 hane
1826 3393 1860 3452 in
1875 3409 1978 3454 mense
1990 3407 2122 3475 septem·

687 3504 750 3565 bris
779 3491 917 3564 eiusdem
947 3501 1020 3562 anni
1044 3502 1104 3582 908
1125 3501 1255 3578 statuit,
1289 3499 1378 3562 nullo
1406 3513 1506 3561 tamen
1535 3499 1632 3563 allato
1657 3502 1857 3565 documento.
1879 3505 1917 3566 ln
1937 3520 2040 3568 nostro
2059 3505 2117 3566 boc

688 3621 887 3680 instrumento
905 3612 954 3676 die
974 3631 1012 3694 27
1041 3613 1173 3675 ianuarii
1199 3627 1230 3674 et
1256 3612 1426 3677 indictione
1439 3615 1512 3678 XV.
1536 3616 1707 3698 conscripto
1726 3616 1859 3698 legitur:
1881 3617 2119 3700 Imperantidus

687 3728 844 3792 Dominis
867 3727 980 3788 nostrie
1003 3727 1114 3788 Leone
1133 3735 1165 3788 et
1183 3727 1379 3790 Alexandro
1402 3727 1531 3808 magnis
1554 3729 1799 3809 imperatoribus
1827 3750 1915 3791 anno
1935 3733 2117 3809 XXXIV,

688 3841 746 3904 sed
763 3853 794 3902 et
818 3841 1025 3903 Constantino
1045 3858 1164 3920 magno
1188 3841 1379 3920 imperatore
1408 3841 1476 3902 eius
1493 3837 1569 3920 filio
1588 3852 1619 3902 et
1637 3851 1749 3923 nepote
1768 3862 1853 3903 anno
1874 3846 1939 3908 IV.
1962 3845 2027 3906 lam
2048 3864 2120 3906 raro

689 3955 753 4018 duo
772 3953 836 4016 alia
857 3966 961 4014 extant
974 3951 1179 4032 documenta,
1201 3973 1300 4016 unum
1321 3953 1380 4015 diei
1395 3974 1414 4036 9
1432 3955 1613 4036 septembris
1626 3953 1703 4018 anni
1715 3972 1772 4036 921
1788 3955 1876 4038 quod
1889 3957 1991 4022 habet:
2013 3961 2120 4040 Impe-

688 4079 778 4128 rarrrte
805 4063 1010 4130 Oonttontirro
1025 4065 1302 4144 Porphyrogerrito
1320 4085 1407 4126 anno
1421 4069 1530 4137 XIV,
1546 4065 1675 4130 alterum
1695 4067 1758 4131 diei
1779 4071 1949 4152 abrogasti
1962 4071 2035 4128 anni
2048 4085 2119 4150 942,

688 4178 743 4241 ubi
761 4177 837 4240 traee
858 4187 1049 4240 occurrunt:
1076 4178 1262 4257 Imperante
1285 4179 1491 4240 Constantino
1510 4199 1627 4260 magno
1646 4183 1837 4260 imperatore
1855 4185 2120 4246 cnnoXXXlV.

690 4290 723 4354 st
742 4288 837 4370 igitur
867 4288 906 4350 de
937 4287 1165 4371 chronologicis
1195 4290 1278 4354 hisce
1308 4292 1390 4352 notis
1418 4291 1564 4354 omnibns
1592 4296 1767 4378 supputatio
1786 4296 1844 4358 rite
1862 4295 2008 4372 ineatur,
2031 4293 2119 4356 facile

691 4400 829 4462 eruimus
849 4399 1083 4464 Constantinum
1115 4401 1149 4460 in
1170 4395 1290 4483 imperii
1310 4400 1485 4464 societatem
1510 4422 1611 4486 neque
1640 4419 1708 4467 ante
1734 4405 1817 4468 diem
1837 4405 1958 4468 XXVl.
1982 4406 2117 4486 augusti,

690 4531 791 4594 neque
819 4525 888 4594 post
917 4509 1001 4572 diem
1027 4509 1114 4574 Vlll.
1143 4511 1323 4595 septembris
1344 4531 1424 4574 anno
1445 4515 1503 4596 908
1524 4528 1702 4598 cooptatum
1721 4515 1822 4578 luisse.
1841 4516 1910 4580 Hoc
1929 4513 2014 4578 idern
2034 4536 2119 4599 prae-

691 4641 774 4687 terea
794 4635 879 4706 patet
898 4645 914 4686 e
936 4621 1158 4705 chronologicis
1178 4627 1258 4687 notis
1278 4640 1468 4690 caeterarum
1492 4630 1633 4691 omnium
1659 4629 1931 4704 membranarum,
1961 4649 2037 4712 quas
2067 4649 2119 4689 no·

691 4737 763 4800 atris
783 4756 800 4798 a
821 4736 988 4802 curialibus
1010 4736 1068 4798 sub
1088 4735 1288 4798 Constantino
1308 4737 1575 4822 Porphyrogenito
1594 4741 1778 4822 conscriptas
1798 4741 1997 4822 inspeximus.

773 4847 820 4930 (ὅ)
834 4849 1042 4932 Complurese
1063 4852 1270 4930 membranis,
1292 4871 1367 4934 quas
1386 4853 1520 4917 edendas
1539 4856 1745 4939 suscepimus,
1766 4855 1883 4916 babent
1895 4855 2118 4918 Pumrdiarrum

697 4956 807 5022 addito
828 4979 913 5023 nunc
933 4959 981 5021 ad
998 4983 1110 5024 ornem
1144 4965 1199 5028 rel
1222 4967 1311 5043 foris
1345 4988 1482 5044 arcora,
1511 4989 1593 5032 nunc
1626 4973 1739 5034 Massa
1759 4965 1943 5046 Atellano,
1977 4981 2070 5051 prout
2088 4971 2125 5028 si·
