4658 6508
1319 653 1335 743 t
1361 657 1404 720 a
1430 652 1443 748 )

679 823 710 885 et
734 812 889 906 stephano
913 811 1008 882 militi
1033 809 1100 881 lilio
1124 809 1257 904 quidem
1280 807 1429 878 iohannis
1447 817 1480 877 et
1502 807 1605 876 maria
1628 805 1763 876 honesta
1787 804 1908 874 semina
1923 803 1988 874 filia
2014 805 2098 898 qui-

678 945 751 1012 dem
777 939 925 1008 iohannis
948 937 1069 1008 coniux
1093 935 1233 1029 presenti
1252 935 1340 1004 idem
1363 933 1496 1002 iohanni
1519 932 1583 1001 boc
1607 941 1655 1003 est
1678 939 1826 1023 parentes
1849 939 1883 1000 et
1906 940 2093 1000 consortes:

675 1066 723 1132 De
746 1061 923 1132 intentione
947 1083 1045 1154 quem
1069 1060 1153 1129 inter
1176 1057 1269 1128 nobis
1293 1055 1479 1127 habuimus.
1506 1079 1567 1149 pro
1596 1055 1759 1147 integrum
1787 1054 1925 1124 fundum
1953 1055 2013 1146 qui
2035 1055 2098 1122 fuit

675 1189 808 1281 quidem
822 1186 967 1280 palumbi
991 1195 1024 1256 et
1047 1183 1195 1254 iohannis
1219 1183 1359 1276 genitori
1383 1191 1416 1252 et
1439 1181 1508 1251 fibo
1532 1182 1572 1252 de
1588 1179 1662 1248 loco
1677 1177 1736 1272 qui
1751 1178 1938 1248 nominatur
1953 1179 2097 1248 amuliu-

675 1339 757 1386 num
773 1315 939 1386 territorio
954 1313 1124 1407 leguriano
1139 1313 1201 1408 (t).
1220 1321 1252 1382 et
1278 1312 1318 1383 de
1342 1331 1493 1403 campum
1509 1307 1567 1404 qui
1591 1317 1728 1378 vocatur
1752 1306 1901 1377 denalare
1925 1307 1959 1376 in
1984 1310 2099 1378 emam

674 1448 813 1518 fundum
836 1444 1046 1516 coniunctum
1069 1462 1233 1535 quamque
1257 1439 1297 1510 de
1321 1437 1422 1507 alium
1446 1457 1597 1528 campum
1621 1435 1679 1529 qui
1703 1443 1839 1505 vocatur
1862 1434 2098 1527 presteriolum.

675 1599 733 1644 seu
757 1585 789 1646 et
813 1575 853 1644 de
876 1593 1028 1665 campum
1052 1570 1110 1663 qui
1133 1569 1320 1639 nominatur
1344 1567 1384 1636 de
1415 1587 1617 1636 caucursum.
1640 1564 1803 1657 simulque
1826 1573 1859 1635 et
1883 1564 1923 1634 de
1947 1587 2098 1657 campum

677 1703 735 1794 qui
760 1699 938 1793 appellatur
970 1696 1091 1790 giniole
1120 1705 1152 1765 ct
1183 1697 1223 1766 de
1253 1716 1404 1787 campum
1432 1693 1491 1788 qui
1525 1701 1661 1763 vocatur
1684 1713 1825 1783 magese.
1861 1713 1920 1760 nec
1952 1713 2018 1760 uon
2055 1695 2095 1762 de

672 2075 702 2120 et
733 2061 771 2119 ab
797 2059 993 2120 eruditissimo
1018 2074 1116 2120 nostro
1143 2059 1353 2120 Iurisconsulto
1380 2061 1456 2119 latta
1481 2060 1513 2117 in
1543 2057 1711 2140 opuscolo,
1743 2056 1827 2137 quod
1850 2057 2003 2140 inscripsit
2032 2059 2100 2121 Di-

671 2175 773 2234 scorss'
800 2171 883 2233 sulla
913 2174 1120 2251 ripertiar'ons
1150 2175 1241 2232 civile
1276 2194 1292 2232 e
1322 2173 1507 2234 chieaastr'ca
1542 2171 1616 2232 dete
1628 2172 1735 2232 cauco
1765 2190 1842 2249 agro
1874 2191 2013 2231 cantune
2046 2186 2101 2231 etc.

666 2305 745 2364 pag.
774 2286 829 2348 56.
857 2288 944 2348 Anno
964 2299 1066 2346 autem
1087 2286 1205 2346 circiter
1228 2286 1286 2366 730
1310 2285 1385 2346 Dux
1404 2284 1614 2368 neapolitanus
1638 2286 1761 2346 loannes
1772 2327 1782 2360 ,
1809 2299 1900 2366 prout
1919 2284 1961 2344 ait
1980 2285 2102 2344 Anasta-

670 2401 729 2460 sius
752 2401 782 2457 in
803 2399 944 2477 Gregorio
965 2401 1001 2460 ll.
1026 2401 1173 2460 Castrum
1199 2398 1283 2458 idem
1311 2397 1446 2459 reddidit
1471 2398 1609 2460 Romano
1638 2395 1801 2471 Pontifici,
1823 2395 1862 2458 ad
1891 2418 1983 2478 quem
2008 2400 2102 2479 perti·

669 2507 777 2586 nebat,
801 2507 935 2590 depulsis
949 2510 1030 2590 prius
1049 2509 1123 2569 inde
1137 2507 1365 2588 Langobardis,
1387 2509 1441 2588 qui
1455 2529 1489 2570 eo
1509 2507 1602 2592 potiti
1617 2505 1748 2569 suerent.
1769 2508 1842 2568 Dux
1862 2506 1967 2585 idem,
1989 2511 2045 2590 qui
2065 2531 2103 2570 ex

668 2623 727 2680 bac
747 2641 778 2681 re
798 2621 951 2700 praeclare
970 2636 1051 2701 gesta
1075 2627 1243 2684 Cumarum
1263 2619 1323 2682 fuit
1342 2620 1589 2701 cognominatus,
1609 2619 1713 2684 Cumis
1727 2619 1860 2680 Comites
1880 2619 2030 2698 reddidit,
2052 2623 2099 2680 uti

667 2728 819 2792 Pratillus
838 2743 964 2793 testatur
984 2729 1068 2813 apud
1089 2729 1312 2810 Pellegrinium
1333 2730 1445 2811 (Just.
1462 2729 1575 2792 Ptine.
1597 2729 1684 2806 lang.
1704 2741 1727 2788 t.
1750 2731 1821 2788 111.
1838 2748 1919 2808 pag.
1940 2729 1980 2788 13
1999 2729 2020 2810 ).
2037 2728 2100 2789 Sub

669 2860 786 2900 nonum
807 2861 884 2901 vero
902 2842 1077 2915 saeculum,
1095 2861 1157 2920 quo
1181 2843 1318 2902 Saraceni
1331 2856 1427 2901 totam
1445 2841 1507 2902 sere
1531 2841 1727 2920 Campaniam
1745 2838 1884 2900 cladibus
1903 2860 1938 2900 ac
1959 2842 2101 2902 vastatio-

667 2956 760 3016 nibus
787 2955 997 3037 exagitarunt,
1028 2954 1202 3015 huiusmodi
1225 2975 1438 3015 aerumnarum
1457 2953 1542 3015 haud
1561 2955 1688 3015 omnino
1709 2973 1814 3035 expers
1834 2953 1920 3016 luisse
1955 2958 2102 3016 Carenem

671 3073 854 3128 Cumanum
871 3065 1060 3128 credendum
1074 3079 1128 3126 cst.
1146 3065 1260 3126 Verum
1283 3065 1337 3126 has
1354 3078 1514 3146 expertum
1532 3063 1750 3126 vicissitudines
1769 3063 1867 3124 adhuc
1885 3084 1941 3143 per
1959 3067 2103 3144 sequiora

666 3198 824 3264 tempora,
849 3200 885 3241 ac
909 3180 1086 3262 praesertim
1099 3177 1220 3240 saeculo
1244 3181 1288 3254 X,
1313 3199 1380 3240 suos
1393 3178 1500 3238 habuit
1518 3175 1632 3238 incolas
1656 3191 1686 3237 et
1705 3177 1830 3238 Comites
1843 3176 2102 3258 quemadmodum

668 3317 683 3352 e
707 3295 854 3374 praesenti
882 3293 997 3352 eruitur
1017 3294 1221 3353 instrumento.
1243 3295 1366 3352 Ineunte
1388 3290 1509 3351 demum
1527 3293 1646 3354 sacculo
1665 3292 1759 3367 Xlll,
1790 3310 1862 3352 cum
1880 3290 2030 3352 alemanni
2051 3294 2099 3372 pi-

667 3418 767 3482 ratae,
787 3403 901 3484 aliique
918 3403 1049 3465 latrones
1068 3403 1109 3463 ibi
1128 3403 1341 3478 constitissent,
1364 3422 1399 3462 ac
1416 3399 1546 3462 finitima
1560 3401 1628 3462 loca
1642 3401 1884 3484 populationibus
1897 3400 2099 3484 caedibusque

668 3515 786 3577 assiduo
800 3529 963 3594 vexarent,
983 3515 1070 3578 Ordo
1085 3517 1283 3597 Populusque
1301 3515 1533 3596 neapolitanus,
1557 3515 1656 3574 barbita
1678 3513 1715 3574 de
1729 3513 1787 3574 hac
1802 3536 1833 3575 re
1852 3515 1993 3576 concione
2002 3559 2011 3590 ,
2032 3521 2099 3578 Cu-

665 3644 801 3684 manum
818 3627 963 3686 Castrum
983 3623 1117 3685 funditus
1137 3622 1337 3687 evertendum
1357 3623 1493 3687 decrevit
1504 3671 1514 3702 ,
1540 3645 1576 3684 ac
1599 3637 1741 3686 smenuus
1766 3623 1934 3685 admodum
1951 3626 1998 3686 vir
2021 3624 2097 3684 Los-

664 3735 767 3796 sredus
794 3734 832 3794 de
854 3733 1073 3796 Montesuscolo
1095 3732 1127 3793 id
1149 3733 1288 3796 facinoris
1307 3737 1363 3798 sibi
1382 3735 1562 3798 mandatum
1581 3735 1729 3818 singulari
1751 3735 1924 3799 fortitudine
1945 3737 2095 3820 perfecit,

663 3851 708 3910 uti
727 3863 793 3929 post
811 3847 1041 3930 Capecelatrum
1062 3866 1098 3908 aa
1122 3829 1348 3909 summentium
1368 3870 1432 3909 rem
1449 3862 1542 3910 totam
1559 3851 1710 3910 enarravit
1728 3849 1893 3908 lannonius
1914 3845 1998 3927 (Ist.
2023 3851 2093 3911 Ciu.

662 3959 712 4018 tib.
729 3964 770 4020 X
770 3964 812 4020 V.
831 3981 858 4018 c.
872 3977 885 4018 s
898 3958 920 4040 ).
940 3958 1062 4021 incolae
1084 3979 1159 4020 vero
1177 3960 1272 4042 ipsius
1301 3963 1405 4022 Castri
1421 3963 1453 4022 in
1472 3962 1587 4024 vicinos
1605 3982 1720 4041 pagos,
1740 3981 1775 4022 ac
1794 3961 1970 4043 praesertim
1993 3963 2095 4022 Mara·

663 4087 737 4127 num
761 4066 975 4148 lulianumque
996 4067 1211 4146 demigrarunt.

741 4175 785 4255 (a)
806 4177 895 4235 Patet
910 4176 1036 4257 quidem
1050 4199 1087 4236 er
1105 4179 1163 4237 boc
1182 4177 1364 4238 documento
1379 4179 1593 4239 Arnulianum
1607 4178 1645 4238 ad
1661 4181 1883 4256 segusianam
1896 4198 2002 4262 agrum
2019 4199 2093 4262 per-

661 4288 801 4362 tinuisse,
823 4302 852 4347 et
877 4288 994 4347 ibidem
1012 4303 1127 4349 caetera
1144 4289 1223 4350 inter
1236 4290 1357 4370 praedia
1377 4291 1507 4352 extitisse
1526 4291 1630 4364 illud,
1649 4290 1733 4371 quod
1769 4293 1941 4352 Genialem
1960 4293 2094 4352 vocaba-

661 4413 720 4458 tur.
737 4401 814 4461 Cum
830 4421 904 4462 vero
923 4418 1060 4462 nostrum
1073 4401 1203 4462 alterum
1224 4404 1456 4465 instrumentum
1473 4405 1627 4466 conditum
1645 4407 1700 4464 sub
1720 4407 1958 4487 Imperatoribus
1985 4408 2092 4466 Ioanne

660 4524 690 4569 et
719 4509 827 4570 Alexio
845 4530 924 4570 anno
946 4528 1040 4585 1120,
1064 4513 1147 4594 quod
1168 4515 1308 4575 Claritius
1326 4515 1419 4596 (pag.
1442 4513 1520 4596 ¹44¹)
1543 4518 1598 4576 sub
1615 4518 1813 4580 Constantino
1829 4517 2091 4600 Porphyrogenitc

658 4634 816 4682 exaratum
845 4621 938 4682 tuisse
958 4641 1115 4704 perperam
1136 4624 1286 4692 tradidit,
1304 4627 1390 4686 nobis
1409 4627 1511 4708 palam
1526 4624 1619 4688 saciat
1642 4626 1776 4707 positum
1795 4625 1886 4688 luisse
1914 4623 2088 4688 Geniolum

657 4755 747 4816 super
758 4735 953 4795 Asandelum
966 4757 1059 4818 prope
1078 4734 1236 4796 ecclesiam
1249 4742 1280 4797 S.
1293 4737 1427 4798 Iotsnnr's
1440 4737 1487 4797 ad
1502 4736 1746 4810 rudusculum,
1761 4738 1817 4820 qui
1827 4737 2018 4800 suburbanus
2031 4756 2090 4817 pa-

657 4866 713 4925 gus
739 4868 820 4907 nunc
840 4847 926 4908 audit
946 4853 980 4908 S.
1002 4849 1170 4908 Gtovanni
1188 4870 1209 4908 a
1233 4848 1414 4922 Teduccc'o,
1437 4851 1511 4912 hinc
1532 4850 1691 4930 colligitur
1716 4854 1746 4912 in
1766 4849 1900 4914 eiusdem
1915 4851 2007 4914 huius
2020 4849 2089 4934 pagi

656 4961 766 5020 vicinia
793 4961 894 5022 locum
913 4963 988 5025 olim
1008 4963 1094 5024 luisse
1104 5009 1112 5040 ,
1132 4985 1223 5044 quem
1243 4966 1459 5025 Amuliomsm
1481 4967 1666 5030 vocitabant.
