<?xml version="1.0" encoding="UTF-8"?>
<!DOCTYPE html PUBLIC "-//W3C//DTD XHTML 1.0 Transitional//EN"
    "http://www.w3.org/TR/xhtml1/DTD/xhtml1-transitional.dtd">
<html xmlns="http://www.w3.org/1999/xhtml" xml:lang="en" lang="en">
 <head>
  <title>
</title>
<meta http-equiv="Content-Type" content="text/html;charset=utf-8" />
  <meta name='ocr-system' content='tesseract 3.04.00' />
  <meta name='ocr-capabilities' content='ocr_page ocr_carea ocr_par ocr_line ocrx_word'/>
</head>
<body>
  <div class='ocr_page' id='page_1' title='image "./monumentaeditaa01napogoog_0028.png"; bbox 0 0 4616 6532; ppageno 0'>
   <div class='ocr_carea' id='block_1_1' title="bbox 667 601 2111 4144">
    <p class='ocr_par' dir='ltr' id='par_1_1' title="bbox 679 601 742 656">
     <span class='ocr_line' id='line_1_1' title="bbox 679 601 742 656; baseline 0 0"><span class='ocrx_word' id='word_1_1' title='bbox 679 601 742 656; x_wconf 79' lang='lat' dir='ltr'><strong>xx</strong></span> 
     </span>
    </p>

    <p class='ocr_par' dir='ltr' id='par_1_2' title="bbox 667 743 2111 4144">
     <span class='ocr_line' id='line_1_2' title="bbox 680 743 2107 859; baseline 0.001 -31"><span class='ocrx_word' id='word_1_2' title='bbox 680 748 826 832; x_wconf 90' lang='lat' dir='ltr'><strong>manni</strong></span> <span class='ocrx_word' id='word_1_3' title='bbox 841 746 1116 859; x_wconf 82' lang='lat' dir='ltr'><strong>apudAnglos</strong></span> <span class='ocrx_word' id='word_1_4' title='bbox 1131 747 1363 850; x_wconf 85' lang='lat' dir='ltr'>Saxonum,</span> <span class='ocrx_word' id='word_1_5' title='bbox 1379 745 1493 857; x_wconf 91' lang='lat' dir='ltr'><strong>apud</strong></span> <span class='ocrx_word' id='word_1_6' title='bbox 1515 771 1588 830; x_wconf 87' lang='lat' dir='ltr'><strong>nos</strong></span> <span class='ocrx_word' id='word_1_7' title='bbox 1601 773 1701 831; x_wconf 89' lang='lat' dir='ltr'><strong>vero</strong></span> <span class='ocrx_word' id='word_1_8' title='bbox 1715 743 2107 855; x_wconf 81' lang='lat' dir='ltr'><strong>Langobardorum,</strong></span> 
     </span>
     <span class='ocr_line' id='line_1_3' title="bbox 673 886 2107 1003; baseline -0.001 -27"><span class='ocrx_word' id='word_1_9' title='bbox 673 893 1017 1003; x_wconf 89' lang='lat' dir='ltr'><strong>Graecorumque</strong></span> <span class='ocrx_word' id='word_1_10' title='bbox 1046 891 1290 1002; x_wconf 85' lang='lat' dir='ltr'><strong>Principum</strong></span> <span class='ocrx_word' id='word_1_11' title='bbox 1308 889 1494 974; x_wconf 84' lang='lat' dir='ltr'><strong>labantes</strong></span> <span class='ocrx_word' id='word_1_12' title='bbox 1513 886 1686 976; x_wconf 88' lang='lat' dir='ltr'><strong>ditiones</strong></span> <span class='ocrx_word' id='word_1_13' title='bbox 1717 887 1905 975; x_wconf 82' lang='lat' dir='ltr'><strong>funditus</strong></span> <span class='ocrx_word' id='word_1_14' title='bbox 1933 893 2107 976; x_wconf 88' lang='lat' dir='ltr'><strong>evertis-</strong></span> 
     </span>
     <span class='ocr_line' id='line_1_4' title="bbox 678 1029 2111 1146; baseline 0.002 -30"><span class='ocrx_word' id='word_1_15' title='bbox 678 1049 796 1136; x_wconf 83' lang='lat' dir='ltr'><strong>sent,</strong></span> <span class='ocrx_word' id='word_1_16' title='bbox 828 1033 876 1117; x_wconf 88' lang='lat' dir='ltr'><strong>ea</strong></span> <span class='ocrx_word' id='word_1_17' title='bbox 896 1029 1070 1146; x_wconf 91' lang='lat' dir='ltr'><strong>quidem</strong></span> <span class='ocrx_word' id='word_1_18' title='bbox 1091 1031 1255 1144; x_wconf 91' lang='lat' dir='ltr'><strong>populis</strong></span> <span class='ocrx_word' id='word_1_19' title='bbox 1284 1031 1544 1140; x_wconf 88' lang='lat' dir='ltr'><strong>attulerunt,</strong></span> <span class='ocrx_word' id='word_1_20' title='bbox 1573 1063 1682 1146; x_wconf 88' lang='lat' dir='ltr'><strong>quae</strong></span> <span class='ocrx_word' id='word_1_21' title='bbox 1710 1030 1864 1118; x_wconf 90' lang='lat' dir='ltr'><strong>horum</strong></span> <span class='ocrx_word' id='word_1_22' title='bbox 1892 1031 2111 1119; x_wconf 83' lang='lat' dir='ltr'><strong>fortunam</strong></span> 
     </span>
     <span class='ocr_line' id='line_1_5' title="bbox 676 1175 2106 1265; baseline 0.001 -7"><span class='ocrx_word' id='word_1_23' title='bbox 676 1175 721 1260; x_wconf 91' lang='lat' dir='ltr'><strong>in</strong></span> <span class='ocrx_word' id='word_1_24' title='bbox 749 1176 900 1260; x_wconf 88' lang='lat' dir='ltr'><strong>melius</strong></span> <span class='ocrx_word' id='word_1_25' title='bbox 929 1177 1264 1261; x_wconf 81' lang='lat' dir='ltr'><strong>commutabant.</strong></span> <span class='ocrx_word' id='word_1_26' title='bbox 1299 1176 1517 1265; x_wconf 86' lang='lat' dir='ltr'><strong>Romanus</strong></span> <span class='ocrx_word' id='word_1_27' title='bbox 1551 1206 1652 1261; x_wconf 88' lang='lat' dir='ltr'><strong>vero</strong></span> <span class='ocrx_word' id='word_1_28' title='bbox 1680 1175 1875 1262; x_wconf 83' lang='lat' dir='ltr'><strong>Pontifex</strong></span> <span class='ocrx_word' id='word_1_29' title='bbox 1903 1175 2106 1262; x_wconf 89' lang='lat' dir='ltr'><strong>Urbanus</strong></span> 
     </span>
     <span class='ocr_line' id='line_1_6' title="bbox 677 1315 2106 1434; baseline -0.003 -26"><span class='ocrx_word' id='word_1_30' title='bbox 677 1315 836 1408; x_wconf 82' lang='lat' dir='ltr'><strong>Christi</strong></span> <span class='ocrx_word' id='word_1_31' title='bbox 865 1318 1086 1434; x_wconf 90' lang='lat' dir='ltr'><strong>sepulchro</strong></span> <span class='ocrx_word' id='word_1_32' title='bbox 1115 1350 1235 1406; x_wconf 88' lang='lat' dir='ltr'><strong>canes</strong></span> <span class='ocrx_word' id='word_1_33' title='bbox 1257 1319 1408 1432; x_wconf 90' lang='lat' dir='ltr'><strong>potitos</strong></span> <span class='ocrx_word' id='word_1_34' title='bbox 1427 1349 1512 1404; x_wconf 89' lang='lat' dir='ltr'><strong>esse</strong></span> <span class='ocrx_word' id='word_1_35' title='bbox 1531 1316 1798 1404; x_wconf 85' lang='lat' dir='ltr'><strong>vehementer</strong></span> <span class='ocrx_word' id='word_1_36' title='bbox 1825 1319 2106 1430; x_wconf 84' lang='lat' dir='ltr'><strong>conquereba-</strong></span> 
     </span>
     <span class='ocr_line' id='line_1_7' title="bbox 679 1458 2103 1574; baseline 0.001 -31"><span class='ocrx_word' id='word_1_37' title='bbox 679 1479 779 1566; x_wconf 90' lang='lat' dir='ltr'><strong>tur,</strong></span> <span class='ocrx_word' id='word_1_38' title='bbox 811 1492 859 1545; x_wconf 93' lang='lat' dir='ltr'><strong>ac</strong></span> <span class='ocrx_word' id='word_1_39' title='bbox 889 1461 1062 1574; x_wconf 89' lang='lat' dir='ltr'><strong>populos</strong></span> <span class='ocrx_word' id='word_1_40' title='bbox 1090 1459 1143 1546; x_wconf 89' lang='lat' dir='ltr'><strong>ad</strong></span> <span class='ocrx_word' id='word_1_41' title='bbox 1173 1491 1338 1546; x_wconf 88' lang='lat' dir='ltr'><strong>sacrum</strong></span> <span class='ocrx_word' id='word_1_42' title='bbox 1360 1461 1517 1546; x_wconf 90' lang='lat' dir='ltr'><strong>bellum</strong></span> <span class='ocrx_word' id='word_1_43' title='bbox 1540 1458 1775 1544; x_wconf 89' lang='lat' dir='ltr'><strong>ineundum</strong></span> <span class='ocrx_word' id='word_1_44' title='bbox 1796 1459 1985 1570; x_wconf 91' lang='lat' dir='ltr'><strong>undique</strong></span> <span class='ocrx_word' id='word_1_45' title='bbox 2005 1489 2103 1544; x_wconf 90' lang='lat' dir='ltr'><strong>con·</strong></span> 
     </span>
     <span class='ocr_line' id='line_1_8' title="bbox 675 1601 2104 1716; baseline -0.002 -27"><span class='ocrx_word' id='word_1_46' title='bbox 675 1605 819 1689; x_wconf 77' lang='lat' dir='ltr'><strong>ciebat.</strong></span> <span class='ocrx_word' id='word_1_47' title='bbox 841 1604 1047 1689; x_wconf 90' lang='lat' dir='ltr'><strong>Plurimas</strong></span> <span class='ocrx_word' id='word_1_48' title='bbox 1067 1603 1241 1716; x_wconf 90' lang='lat' dir='ltr'><strong>quidem</strong></span> <span class='ocrx_word' id='word_1_49' title='bbox 1262 1604 1399 1689; x_wconf 86' lang='lat' dir='ltr'><strong>clades</strong></span> <span class='ocrx_word' id='word_1_50' title='bbox 1413 1604 1572 1689; x_wconf 88' lang='lat' dir='ltr'><strong>bellum</strong></span> <span class='ocrx_word' id='word_1_51' title='bbox 1586 1602 1668 1688; x_wconf 91' lang='lat' dir='ltr'><strong>hoc</strong></span> <span class='ocrx_word' id='word_1_52' title='bbox 1686 1601 1931 1688; x_wconf 90' lang='lat' dir='ltr'><strong>Christianis</strong></span> <span class='ocrx_word' id='word_1_53' title='bbox 1951 1602 2104 1707; x_wconf 82' lang='lat' dir='ltr'><strong>attulit3</strong></span> 
     </span>
     <span class='ocr_line' id='line_1_9' title="bbox 674 1743 2106 1860; baseline -0.003 -26"><span class='ocrx_word' id='word_1_54' title='bbox 674 1777 827 1834; x_wconf 84' lang='lat' dir='ltr'><strong>verum</strong></span> <span class='ocrx_word' id='word_1_55' title='bbox 857 1748 954 1832; x_wconf 91' lang='lat' dir='ltr'><strong>inde</strong></span> <span class='ocrx_word' id='word_1_56' title='bbox 993 1749 1209 1834; x_wconf 90' lang='lat' dir='ltr'><strong>redierunt</strong></span> <span class='ocrx_word' id='word_1_57' title='bbox 1249 1749 1388 1834; x_wconf 90' lang='lat' dir='ltr'><strong>onusti</strong></span> <span class='ocrx_word' id='word_1_58' title='bbox 1426 1746 1568 1860; x_wconf 90' lang='lat' dir='ltr'><strong>spoliis</strong></span> <span class='ocrx_word' id='word_1_59' title='bbox 1595 1746 1810 1851; x_wconf 86' lang='lat' dir='ltr'><strong>Orientis,</strong></span> <span class='ocrx_word' id='word_1_60' title='bbox 1852 1743 1961 1830; x_wconf 90' lang='lat' dir='ltr'><strong>inter</strong></span> <span class='ocrx_word' id='word_1_61' title='bbox 1999 1775 2106 1858; x_wconf 91' lang='lat' dir='ltr'><strong>quae</strong></span> 
     </span>
     <span class='ocr_line' id='line_1_10' title="bbox 673 1889 2106 2004; baseline -0.001 -30"><span class='ocrx_word' id='word_1_62' title='bbox 673 1894 903 2004; x_wconf 90' lang='lat' dir='ltr'><strong>praecipue</strong></span> <span class='ocrx_word' id='word_1_63' title='bbox 932 1892 1330 1976; x_wconf 89' lang='lat' dir='ltr'><strong>commemorandae</strong></span> <span class='ocrx_word' id='word_1_64' title='bbox 1357 1909 1453 1974; x_wconf 90' lang='lat' dir='ltr'><strong>sunt</strong></span> <span class='ocrx_word' id='word_1_65' title='bbox 1481 1889 1704 2000; x_wconf 83' lang='lat' dir='ltr'><strong>pleraeque</strong></span> <span class='ocrx_word' id='word_1_66' title='bbox 1738 1905 1845 1972; x_wconf 86' lang='lat' dir='ltr'><strong>artes</strong></span> <span class='ocrx_word' id='word_1_67' title='bbox 1879 1906 2004 1999; x_wconf 91' lang='lat' dir='ltr'><strong>atque</strong></span> <span class='ocrx_word' id='word_1_68' title='bbox 2038 1917 2106 1972; x_wconf 92' lang='lat' dir='ltr'><strong>co-</strong></span> 
     </span>
     <span class='ocr_line' id='line_1_11' title="bbox 675 2032 2107 2147; baseline 0.001 -33"><span class='ocrx_word' id='word_1_69' title='bbox 675 2033 912 2144; x_wconf 86' lang='lat' dir='ltr'><strong>gnitiones,</strong></span> <span class='ocrx_word' id='word_1_70' title='bbox 948 2033 1103 2144; x_wconf 91' lang='lat' dir='ltr'><strong>quibus</strong></span> <span class='ocrx_word' id='word_1_71' title='bbox 1132 2032 1386 2147; x_wconf 90' lang='lat' dir='ltr'><strong>iampridem</strong></span> <span class='ocrx_word' id='word_1_72' title='bbox 1423 2033 1581 2118; x_wconf 87' lang='lat' dir='ltr'><strong>Arabes</strong></span> <span class='ocrx_word' id='word_1_73' title='bbox 1613 2033 1870 2136; x_wconf 89' lang='lat' dir='ltr'><strong>utebantur,</strong></span> <span class='ocrx_word' id='word_1_74' title='bbox 1916 2049 1956 2118; x_wconf 91' lang='lat' dir='ltr'><strong>et</strong></span> <span class='ocrx_word' id='word_1_75' title='bbox 1997 2057 2107 2143; x_wconf 91' lang='lat' dir='ltr'><strong>quae</strong></span> 
     </span>
     <span class='ocr_line' id='line_1_12' title="bbox 672 2177 2103 2291; baseline -0.001 -32"><span class='ocrx_word' id='word_1_76' title='bbox 672 2179 856 2291; x_wconf 87' lang='lat' dir='ltr'><strong>priscam</strong></span> <span class='ocrx_word' id='word_1_77' title='bbox 876 2177 1076 2262; x_wconf 90' lang='lat' dir='ltr'><strong>Italorum</strong></span> <span class='ocrx_word' id='word_1_78' title='bbox 1098 2181 1344 2289; x_wconf 91' lang='lat' dir='ltr'><strong>sapientiam</strong></span> <span class='ocrx_word' id='word_1_79' title='bbox 1358 2177 1560 2262; x_wconf 88' lang='lat' dir='ltr'><strong>hactenus</strong></span> <span class='ocrx_word' id='word_1_80' title='bbox 1579 2179 1755 2290; x_wconf 82' lang='lat' dir='ltr'><strong>sopitam</strong></span> <span class='ocrx_word' id='word_1_81' title='bbox 1775 2177 2103 2280; x_wconf 74' lang='lat' dir='ltr'><strong>exsuscitatum,</strong></span> 
     </span>
     <span class='ocr_line' id='line_1_13' title="bbox 673 2315 2106 2427; baseline 0.002 -30"><span class='ocrx_word' id='word_1_82' title='bbox 673 2345 723 2399; x_wconf 91' lang='lat' dir='ltr'><strong>ac</strong></span> <span class='ocrx_word' id='word_1_83' title='bbox 762 2318 1002 2404; x_wconf 89' lang='lat' dir='ltr'><strong>erudiendis</strong></span> <span class='ocrx_word' id='word_1_84' title='bbox 1035 2317 1355 2404; x_wconf 87' lang='lat' dir='ltr'><strong>occidentalibus</strong></span> <span class='ocrx_word' id='word_1_85' title='bbox 1384 2317 1624 2403; x_wconf 90' lang='lat' dir='ltr'><strong>nationibus</strong></span> <span class='ocrx_word' id='word_1_86' title='bbox 1653 2344 1903 2427; x_wconf 87' lang='lat' dir='ltr'><strong>magnopere</strong></span> <span class='ocrx_word' id='word_1_87' title='bbox 1931 2315 2106 2426; x_wconf 87' lang='lat' dir='ltr'><strong>prolue-</strong></span> 
     </span>
     <span class='ocr_line' id='line_1_14' title="bbox 678 2453 2097 2574; baseline -0.004 -31"><span class='ocrx_word' id='word_1_88' title='bbox 678 2479 795 2544; x_wconf 92' lang='lat' dir='ltr'><strong>runt.</strong></span> <span class='ocrx_word' id='word_1_89' title='bbox 829 2457 1001 2545; x_wconf 84' lang='lat' dir='ltr'><strong>Adhaec</strong></span> <span class='ocrx_word' id='word_1_90' title='bbox 1029 2458 1266 2574; x_wconf 89' lang='lat' dir='ltr'><strong>complures</strong></span> <span class='ocrx_word' id='word_1_91' title='bbox 1294 2489 1346 2543; x_wconf 88' lang='lat' dir='ltr'><strong>ex</strong></span> <span class='ocrx_word' id='word_1_92' title='bbox 1375 2459 1519 2542; x_wconf 89' lang='lat' dir='ltr'><strong>italicis</strong></span> <span class='ocrx_word' id='word_1_93' title='bbox 1548 2458 1723 2544; x_wconf 89' lang='lat' dir='ltr'><strong>urbibus</strong></span> <span class='ocrx_word' id='word_1_94' title='bbox 1736 2522 1749 2562; x_wconf 93' lang='lat'><strong>,</strong></span> <span class='ocrx_word' id='word_1_95' title='bbox 1780 2455 1886 2540; x_wconf 91' lang='lat' dir='ltr'><strong>dum</strong></span> <span class='ocrx_word' id='word_1_96' title='bbox 1915 2453 2097 2540; x_wconf 89' lang='lat' dir='ltr'><strong>Romani</strong></span> 
     </span>
     <span class='ocr_line' id='line_1_15' title="bbox 671 2597 2100 2712; baseline -0.003 -28"><span class='ocrx_word' id='word_1_97' title='bbox 671 2599 885 2684; x_wconf 88' lang='lat' dir='ltr'><strong>Pontifices</strong></span> <span class='ocrx_word' id='word_1_98' title='bbox 913 2602 1207 2712; x_wconf 86' lang='lat' dir='ltr'><strong>intemperanti</strong></span> <span class='ocrx_word' id='word_1_99' title='bbox 1235 2599 1463 2686; x_wconf 90' lang='lat' dir='ltr'><strong>Caesarum</strong></span> <span class='ocrx_word' id='word_1_100' title='bbox 1491 2600 1726 2685; x_wconf 86' lang='lat' dir='ltr'><strong>auctoritati</strong></span> <span class='ocrx_word' id='word_1_101' title='bbox 1754 2597 2100 2708; x_wconf 89' lang='lat' dir='ltr'><strong>obluctarentur,</strong></span> 
     </span>
     <span class='ocr_line' id='line_1_16' title="bbox 675 2737 2100 2856; baseline -0.001 -32"><span class='ocrx_word' id='word_1_102' title='bbox 675 2759 841 2852; x_wconf 90' lang='lat' dir='ltr'><strong>arrepta</strong></span> <span class='ocrx_word' id='word_1_103' title='bbox 860 2740 958 2824; x_wconf 92' lang='lat' dir='ltr'><strong>hinc</strong></span> <span class='ocrx_word' id='word_1_104' title='bbox 977 2742 1187 2825; x_wconf 89' lang='lat' dir='ltr'><strong>occasione</strong></span> <span class='ocrx_word' id='word_1_105' title='bbox 1206 2743 1429 2856; x_wconf 90' lang='lat' dir='ltr'><strong>pristinum</strong></span> <span class='ocrx_word' id='word_1_106' title='bbox 1449 2742 1775 2852; x_wconf 90' lang='lat' dir='ltr'><strong>municipiorum</strong></span> <span class='ocrx_word' id='word_1_107' title='bbox 1797 2737 2004 2826; x_wconf 90' lang='lat' dir='ltr'><strong>Ordinem</strong></span> <span class='ocrx_word' id='word_1_108' title='bbox 2023 2741 2100 2826; x_wconf 88' lang='lat' dir='ltr'><strong>sub</strong></span> 
     </span>
     <span class='ocr_line' id='line_1_17' title="bbox 671 2881 2103 2994; baseline 0 -26"><span class='ocrx_word' id='word_1_109' title='bbox 671 2884 954 2969; x_wconf 90' lang='lat' dir='ltr'><strong>Barbarorum</strong></span> <span class='ocrx_word' id='word_1_110' title='bbox 980 2885 1218 2994; x_wconf 90' lang='lat' dir='ltr'><strong>principatu</strong></span> <span class='ocrx_word' id='word_1_111' title='bbox 1246 2884 1433 2970; x_wconf 88' lang='lat' dir='ltr'><strong>excisum</strong></span> <span class='ocrx_word' id='word_1_112' title='bbox 1453 2883 1685 2968; x_wconf 89' lang='lat' dir='ltr'><strong>instaurare</strong></span> <span class='ocrx_word' id='word_1_113' title='bbox 1715 2883 1887 2994; x_wconf 81' lang='lat' dir='ltr'><strong>aggressi</strong></span> <span class='ocrx_word' id='word_1_114' title='bbox 1914 2881 2103 2968; x_wconf 84' lang='lat' dir='ltr'><strong>fuerunt.</strong></span> 
     </span>
     <span class='ocr_line' id='line_1_18' title="bbox 672 3023 2102 3141; baseline 0 -31"><span class='ocrx_word' id='word_1_115' title='bbox 672 3027 964 3136; x_wconf 78' lang='lat' dir='ltr'><strong>ingruentibus</strong></span> <span class='ocrx_word' id='word_1_116' title='bbox 992 3026 1143 3110; x_wconf 90' lang='lat' dir='ltr'><strong>deinde</strong></span> <span class='ocrx_word' id='word_1_117' title='bbox 1171 3028 1290 3113; x_wconf 90' lang='lat' dir='ltr'><strong>bellis</strong></span> <span class='ocrx_word' id='word_1_118' title='bbox 1305 3093 1318 3134; x_wconf 91' lang='lat'><strong>,</strong></span> <span class='ocrx_word' id='word_1_119' title='bbox 1350 3029 1503 3141; x_wconf 92' lang='lat' dir='ltr'><strong>quibus</strong></span> <span class='ocrx_word' id='word_1_120' title='bbox 1521 3029 1640 3139; x_wconf 91' lang='lat' dir='ltr'><strong>prior</strong></span> <span class='ocrx_word' id='word_1_121' title='bbox 1669 3031 1705 3116; x_wconf 88' lang='lat' dir='ltr'>F</span> <span class='ocrx_word' id='word_1_122' title='bbox 1709 3027 1914 3114; x_wconf 84' lang='lat' dir='ltr'><strong>ridericus</strong></span> <span class='ocrx_word' id='word_1_123' title='bbox 1934 3023 2102 3112; x_wconf 88' lang='lat' dir='ltr'><strong>easdem</strong></span> 
     </span>
     <span class='ocr_line' id='line_1_19' title="bbox 671 3170 2099 3276; baseline 0.002 -24"><span class='ocrx_word' id='word_1_124' title='bbox 671 3172 795 3255; x_wconf 90' lang='lat' dir='ltr'><strong>urbes</strong></span> <span class='ocrx_word' id='word_1_125' title='bbox 823 3170 1067 3276; x_wconf 84' lang='lat' dir='ltr'><strong>divexavit,</strong></span> <span class='ocrx_word' id='word_1_126' title='bbox 1100 3189 1213 3254; x_wconf 90' lang='lat' dir='ltr'><strong>tanta</strong></span> <span class='ocrx_word' id='word_1_127' title='bbox 1241 3171 1321 3254; x_wconf 89' lang='lat' dir='ltr'><strong>hae</strong></span> <span class='ocrx_word' id='word_1_128' title='bbox 1350 3171 1631 3276; x_wconf 83' lang='lat' dir='ltr'><strong>fortitudinis,</strong></span> <span class='ocrx_word' id='word_1_129' title='bbox 1662 3203 1709 3258; x_wconf 90' lang='lat' dir='ltr'><strong>ac</strong></span> <span class='ocrx_word' id='word_1_130' title='bbox 1734 3191 1996 3256; x_wconf 90' lang='lat' dir='ltr'><strong>caeterarum</strong></span> <span class='ocrx_word' id='word_1_131' title='bbox 2016 3173 2099 3256; x_wconf 91' lang='lat' dir='ltr'><strong>vir-</strong></span> 
     </span>
     <span class='ocr_line' id='line_1_20' title="bbox 669 3311 2100 3418; baseline 0 -20"><span class='ocrx_word' id='word_1_132' title='bbox 669 3331 811 3398; x_wconf 89' lang='lat' dir='ltr'><strong>tutum</strong></span> <span class='ocrx_word' id='word_1_133' title='bbox 840 3311 964 3396; x_wconf 90' lang='lat' dir='ltr'><strong>laude</strong></span> <span class='ocrx_word' id='word_1_134' title='bbox 986 3314 1242 3418; x_wconf 90' lang='lat' dir='ltr'><strong>enituerunt,</strong></span> <span class='ocrx_word' id='word_1_135' title='bbox 1273 3334 1320 3397; x_wconf 95' lang='lat' dir='ltr'><strong>ut</strong></span> <span class='ocrx_word' id='word_1_136' title='bbox 1348 3315 1563 3399; x_wconf 91' lang='lat' dir='ltr'><strong>saeculum</strong></span> <span class='ocrx_word' id='word_1_137' title='bbox 1583 3314 1673 3398; x_wconf 91' lang='lat' dir='ltr'><strong>XII</strong></span> <span class='ocrx_word' id='word_1_138' title='bbox 1694 3313 1986 3400; x_wconf 86' lang='lat' dir='ltr'><strong>illustrioribus</strong></span> <span class='ocrx_word' id='word_1_139' title='bbox 2014 3313 2100 3398; x_wconf 87' lang='lat' dir='ltr'><strong>lta-</strong></span> 
     </span>
     <span class='ocr_line' id='line_1_21' title="bbox 670 3455 2092 3569; baseline 0.003 -30"><span class='ocrx_word' id='word_1_140' title='bbox 670 3456 810 3539; x_wconf 91' lang='lat' dir='ltr'><strong>lorum</strong></span> <span class='ocrx_word' id='word_1_141' title='bbox 854 3455 1056 3540; x_wconf 88' lang='lat' dir='ltr'><strong>aetatibus</strong></span> <span class='ocrx_word' id='word_1_142' title='bbox 1099 3456 1249 3540; x_wconf 89' lang='lat' dir='ltr'><strong>merito</strong></span> <span class='ocrx_word' id='word_1_143' title='bbox 1290 3457 1507 3566; x_wconf 87' lang='lat' dir='ltr'><strong>scriptores</strong></span> <span class='ocrx_word' id='word_1_144' title='bbox 1551 3456 1853 3544; x_wconf 87' lang='lat' dir='ltr'><strong>accensendum</strong></span> <span class='ocrx_word' id='word_1_145' title='bbox 1892 3459 2092 3569; x_wconf 85' lang='lat' dir='ltr'><strong>putarint.</strong></span> 
     </span>
     <span class='ocr_line' id='line_1_22' title="bbox 669 3597 2098 3716; baseline 0.004 -34"><span class='ocrx_word' id='word_1_146' title='bbox 669 3599 882 3684; x_wconf 88' lang='lat' dir='ltr'><strong>Universa</strong></span> <span class='ocrx_word' id='word_1_147' title='bbox 911 3597 1048 3701; x_wconf 90' lang='lat' dir='ltr'><strong>haec,</strong></span> <span class='ocrx_word' id='word_1_148' title='bbox 1092 3617 1132 3684; x_wconf 88' lang='lat' dir='ltr'><strong>et</strong></span> <span class='ocrx_word' id='word_1_149' title='bbox 1175 3599 1257 3685; x_wconf 88' lang='lat' dir='ltr'><strong>alia</strong></span> <span class='ocrx_word' id='word_1_150' title='bbox 1292 3602 1541 3714; x_wconf 91' lang='lat' dir='ltr'><strong>complura,</strong></span> <span class='ocrx_word' id='word_1_151' title='bbox 1586 3631 1772 3716; x_wconf 92' lang='lat' dir='ltr'><strong>quorum</strong></span> <span class='ocrx_word' id='word_1_152' title='bbox 1814 3605 1941 3688; x_wconf 87' lang='lat' dir='ltr'><strong>etiarn</strong></span> <span class='ocrx_word' id='word_1_153' title='bbox 1984 3633 2098 3688; x_wconf 92' lang='lat' dir='ltr'><strong>com·</strong></span> 
     </span>
     <span class='ocr_line' id='line_1_23' title="bbox 668 3738 2095 3862; baseline 0.006 -39"><span class='ocrx_word' id='word_1_154' title='bbox 668 3741 908 3824; x_wconf 82' lang='lat' dir='ltr'><strong>meminisse</strong></span> <span class='ocrx_word' id='word_1_155' title='bbox 943 3738 1034 3825; x_wconf 91' lang='lat' dir='ltr'><strong>heic</strong></span> <span class='ocrx_word' id='word_1_156' title='bbox 1063 3771 1421 3856; x_wconf 89' lang='lat' dir='ltr'><strong>supervacaneum</strong></span> <span class='ocrx_word' id='word_1_157' title='bbox 1450 3765 1687 3859; x_wconf 90' lang='lat' dir='ltr'><strong>putamus,</strong></span> <span class='ocrx_word' id='word_1_158' title='bbox 1718 3747 1973 3862; x_wconf 89' lang='lat' dir='ltr'><strong>populorum</strong></span> <span class='ocrx_word' id='word_1_159' title='bbox 2000 3750 2095 3858; x_wconf 89' lang='lat' dir='ltr'><strong>qui-</strong></span> 
     </span>
     <span class='ocr_line' id='line_1_24' title="bbox 667 3884 2094 3993; baseline 0.004 -25"><span class='ocrx_word' id='word_1_160' title='bbox 667 3885 766 3969; x_wconf 92' lang='lat' dir='ltr'><strong>dem</strong></span> <span class='ocrx_word' id='word_1_161' title='bbox 795 3885 959 3968; x_wconf 91' lang='lat' dir='ltr'><strong>animos</strong></span> <span class='ocrx_word' id='word_1_162' title='bbox 986 3884 1039 3970; x_wconf 91' lang='lat' dir='ltr'><strong>ad</strong></span> <span class='ocrx_word' id='word_1_163' title='bbox 1070 3885 1244 3972; x_wconf 91' lang='lat' dir='ltr'><strong>meliora</strong></span> <span class='ocrx_word' id='word_1_164' title='bbox 1272 3889 1537 3993; x_wconf 82' lang='lat' dir='ltr'><strong>excitarunt3</strong></span> <span class='ocrx_word' id='word_1_165' title='bbox 1570 3915 1724 3976; x_wconf 89' lang='lat' dir='ltr'><strong>verum</strong></span> <span class='ocrx_word' id='word_1_166' title='bbox 1752 3919 1913 3976; x_wconf 88' lang='lat' dir='ltr'><strong>necesse</strong></span> <span class='ocrx_word' id='word_1_167' title='bbox 1941 3909 2000 3976; x_wconf 88' lang='lat' dir='ltr'><strong>est</strong></span> <span class='ocrx_word' id='word_1_168' title='bbox 2030 3891 2094 3974; x_wconf 86' lang='lat' dir='ltr'><strong>la·-</strong></span> 
     </span>
     <span class='ocr_line' id='line_1_25' title="bbox 668 4027 2096 4144; baseline 0.004 -38"><span class='ocrx_word' id='word_1_169' title='bbox 668 4045 833 4109; x_wconf 90' lang='lat' dir='ltr'><strong>teamur</strong></span> <span class='ocrx_word' id='word_1_170' title='bbox 854 4045 954 4108; x_wconf 92' lang='lat' dir='ltr'><strong>tunc</strong></span> <span class='ocrx_word' id='word_1_171' title='bbox 975 4027 1175 4136; x_wconf 89' lang='lat' dir='ltr'><strong>temporis</strong></span> <span class='ocrx_word' id='word_1_172' title='bbox 1194 4056 1246 4110; x_wconf 87' lang='lat' dir='ltr'><strong>ex</strong></span> <span class='ocrx_word' id='word_1_173' title='bbox 1276 4029 1464 4114; x_wconf 91' lang='lat' dir='ltr'><strong>humano</strong></span> <span class='ocrx_word' id='word_1_174' title='bbox 1491 4033 1685 4142; x_wconf 86' lang='lat' dir='ltr'><strong>ingenio,</strong></span> <span class='ocrx_word' id='word_1_175' title='bbox 1715 4029 1857 4144; x_wconf 91' lang='lat' dir='ltr'><strong>quoad</strong></span> <span class='ocrx_word' id='word_1_176' title='bbox 1885 4031 2096 4118; x_wconf 86' lang='lat' dir='ltr'><strong>litteratu-</strong></span> 
     </span>
    </p>
   </div>
   <div class='ocr_carea' id='block_1_2' title="bbox 665 4162 2093 4428">
    <p class='ocr_par' dir='ltr' id='par_1_3' title="bbox 665 4162 2093 4428">
     <span class='ocr_line' id='line_1_26' title="bbox 667 4162 2091 4288; baseline 0.01 -42"><span class='ocrx_word' id='word_1_177' title='bbox 667 4193 789 4266; x_wconf 85' lang='lat' dir='ltr'><strong>ram,</strong></span> <span class='ocrx_word' id='word_1_178' title='bbox 820 4164 985 4248; x_wconf 88' lang='lat' dir='ltr'><strong>nonnisi</strong></span> <span class='ocrx_word' id='word_1_179' title='bbox 1005 4162 1125 4248; x_wconf 89' lang='lat' dir='ltr'><strong>llores</strong></span> <span class='ocrx_word' id='word_1_180' title='bbox 1144 4165 1457 4277; x_wconf 88' lang='lat' dir='ltr'><strong>quodammodo</strong></span> <span class='ocrx_word' id='word_1_181' title='bbox 1476 4172 1692 4283; x_wconf 90' lang='lat' dir='ltr'><strong>prodiisse,</strong></span> <span class='ocrx_word' id='word_1_182' title='bbox 1713 4181 1788 4286; x_wconf 90' lang='lat' dir='ltr'><strong>qui</strong></span> <span class='ocrx_word' id='word_1_183' title='bbox 1808 4194 1948 4262; x_wconf 88' lang='lat' dir='ltr'><strong>tamen</strong></span> <span class='ocrx_word' id='word_1_184' title='bbox 1971 4205 2091 4288; x_wconf 90' lang='lat' dir='ltr'><strong>prae-</strong></span> 
     </span>
     <span class='ocr_line' id='line_1_27' title="bbox 665 4305 2093 4428; baseline 0.006 -43"><span class='ocrx_word' id='word_1_185' title='bbox 665 4305 936 4390; x_wconf 88' lang='lat' dir='ltr'><strong>stantissimos</strong></span> <span class='ocrx_word' id='word_1_186' title='bbox 979 4307 1023 4388; x_wconf 92' lang='lat' dir='ltr'><strong>in</strong></span> <span class='ocrx_word' id='word_1_187' title='bbox 1064 4324 1280 4415; x_wconf 88' lang='lat' dir='ltr'><strong>posterum</strong></span> <span class='ocrx_word' id='word_1_188' title='bbox 1318 4307 1478 4398; x_wconf 86' lang='lat' dir='ltr'><strong>fructus</strong></span> <span class='ocrx_word' id='word_1_189' title='bbox 1522 4313 1842 4428; x_wconf 90' lang='lat' dir='ltr'><strong>pollicebantur.</strong></span> <span class='ocrx_word' id='word_1_190' title='bbox 1875 4315 1966 4402; x_wconf 90' lang='lat' dir='ltr'><strong>Hoc</strong></span> <span class='ocrx_word' id='word_1_191' title='bbox 1996 4343 2093 4397; x_wconf 89' lang='lat' dir='ltr'><strong>sane</strong></span> 
     </span>
    </p>
   </div>
   <div class='ocr_carea' id='block_1_3' title="bbox 665 4449 2094 4565">
    <p class='ocr_par' dir='ltr' id='par_1_4' title="bbox 665 4449 2094 4565">
     <span class='ocr_line' id='line_1_28' title="bbox 665 4449 2094 4565; baseline 0.01 -37"><span class='ocrx_word' id='word_1_192' title='bbox 665 4464 788 4556; x_wconf 91' lang='lat' dir='ltr'><strong>pacto</strong></span> <span class='ocrx_word' id='word_1_193' title='bbox 816 4475 892 4558; x_wconf 90' lang='lat' dir='ltr'><strong>per</strong></span> <span class='ocrx_word' id='word_1_194' title='bbox 920 4449 1111 4559; x_wconf 89' lang='lat' dir='ltr'><strong>sequiora</strong></span> <span class='ocrx_word' id='word_1_195' title='bbox 1139 4479 1308 4563; x_wconf 91' lang='lat' dir='ltr'><strong>quoque</strong></span> <span class='ocrx_word' id='word_1_196' title='bbox 1337 4471 1526 4565; x_wconf 90' lang='lat' dir='ltr'><strong>tempora</strong></span> <span class='ocrx_word' id='word_1_197' title='bbox 1555 4485 1640 4540; x_wconf 89' lang='lat' dir='ltr'><strong>sese</strong></span> <span class='ocrx_word' id='word_1_198' title='bbox 1669 4486 1734 4540; x_wconf 90' lang='lat' dir='ltr'><strong>res</strong></span> <span class='ocrx_word' id='word_1_199' title='bbox 1759 4456 1932 4562; x_wconf 87' lang='lat' dir='ltr'><strong>habuit,</strong></span> <span class='ocrx_word' id='word_1_200' title='bbox 1964 4457 2094 4542; x_wconf 92' lang='lat' dir='ltr'><strong>donec</strong></span> 
     </span>
    </p>
   </div>
   <div class='ocr_carea' id='block_1_4' title="bbox 661 4586 2094 4854">
    <p class='ocr_par' dir='ltr' id='par_1_5' title="bbox 661 4586 2094 4854">
     <span class='ocr_line' id='line_1_29' title="bbox 667 4586 2094 4712; baseline 0.012 -42"><span class='ocrx_word' id='word_1_201' title='bbox 667 4586 783 4700; x_wconf 90' lang='lat' dir='ltr'><strong>apud</strong></span> <span class='ocrx_word' id='word_1_202' title='bbox 812 4589 937 4678; x_wconf 90' lang='lat' dir='ltr'><strong>Italos</strong></span> <span class='ocrx_word' id='word_1_203' title='bbox 965 4591 1129 4682; x_wconf 90' lang='lat' dir='ltr'><strong>saccula</strong></span> <span class='ocrx_word' id='word_1_204' title='bbox 1158 4592 1287 4698; x_wconf 86' lang='lat' dir='ltr'><strong>XIV,</strong></span> <span class='ocrx_word' id='word_1_205' title='bbox 1320 4625 1369 4680; x_wconf 90' lang='lat' dir='ltr'><strong>ac</strong></span> <span class='ocrx_word' id='word_1_206' title='bbox 1397 4598 1510 4688; x_wconf 91' lang='lat' dir='ltr'><strong>XVI</strong></span> <span class='ocrx_word' id='word_1_207' title='bbox 1539 4599 1654 4712; x_wconf 92' lang='lat' dir='ltr'><strong>apud</strong></span> <span class='ocrx_word' id='word_1_208' title='bbox 1682 4600 1827 4684; x_wconf 89' lang='lat' dir='ltr'><strong>Gallos</strong></span> <span class='ocrx_word' id='word_1_209' title='bbox 1855 4631 1975 4705; x_wconf 89' lang='lat' dir='ltr'><strong>vero,</strong></span> <span class='ocrx_word' id='word_1_210' title='bbox 2007 4603 2094 4686; x_wconf 87' lang='lat' dir='ltr'><strong>An-</strong></span> 
     </span>
     <span class='ocr_line' id='line_1_30' title="bbox 661 4731 2089 4854; baseline 0.015 -43"><span class='ocrx_word' id='word_1_211' title='bbox 661 4731 745 4836; x_wconf 88' lang='lat' dir='ltr'><strong>glos</strong></span> <span class='ocrx_word' id='word_1_212' title='bbox 773 4731 1089 4845; x_wconf 88' lang='lat' dir='ltr'><strong>Germanosque</strong></span> <span class='ocrx_word' id='word_1_213' title='bbox 1117 4734 1332 4820; x_wconf 88' lang='lat' dir='ltr'><strong>sacculum</strong></span> <span class='ocrx_word' id='word_1_214' title='bbox 1361 4738 1496 4826; x_wconf 88' lang='lat' dir='ltr'>XVII</span> <span class='ocrx_word' id='word_1_215' title='bbox 1526 4739 1833 4848; x_wconf 88' lang='lat' dir='ltr'><strong>adventarunt,</strong></span> <span class='ocrx_word' id='word_1_216' title='bbox 1863 4743 1906 4824; x_wconf 92' lang='lat' dir='ltr'><strong>in</strong></span> <span class='ocrx_word' id='word_1_217' title='bbox 1936 4742 2089 4854; x_wconf 82' lang='lat' dir='ltr'><strong>quibus</strong></span> 
     </span>
    </p>
   </div>
   <div class='ocr_carea' id='block_1_5' title="bbox 663 4873 2088 4996">
    <p class='ocr_par' dir='ltr' id='par_1_6' title="bbox 663 4873 2088 4996">
     <span class='ocr_line' id='line_1_31' title="bbox 663 4873 2088 4996; baseline 0.011 -40"><span class='ocrx_word' id='word_1_218' title='bbox 663 4903 686 4956; x_wconf 91' lang='lat' dir='ltr'><strong>e</strong></span> <span class='ocrx_word' id='word_1_219' title='bbox 713 4873 929 4984; x_wconf 89' lang='lat' dir='ltr'><strong>primaeva</strong></span> <span class='ocrx_word' id='word_1_220' title='bbox 960 4877 1217 4988; x_wconf 84' lang='lat' dir='ltr'><strong>ingeniorum</strong></span> <span class='ocrx_word' id='word_1_221' title='bbox 1246 4881 1409 4968; x_wconf 89' lang='lat' dir='ltr'><strong>cultura</strong></span> <span class='ocrx_word' id='word_1_222' title='bbox 1438 4885 1649 4994; x_wconf 88' lang='lat' dir='ltr'><strong>quantivis</strong></span> <span class='ocrx_word' id='word_1_223' title='bbox 1677 4887 1799 4996; x_wconf 91' lang='lat' dir='ltr'><strong>pretii</strong></span> <span class='ocrx_word' id='word_1_224' title='bbox 1841 4884 1999 4970; x_wconf 85' lang='lat' dir='ltr'><strong>fructus</strong></span> <span class='ocrx_word' id='word_1_225' title='bbox 2042 4887 2088 4972; x_wconf 85' lang='lat' dir='ltr'><strong>in</strong></span> 
     </span>
    </p>
   </div>
   <div class='ocr_carea' id='block_1_6' title="bbox 0 0 2312 6532">
    <p class='ocr_par' dir='ltr' id='par_1_7' title="bbox 0 0 2312 6532">
     <span class='ocr_line' id='line_1_32' title="bbox 0 0 2312 6532; baseline 0 5"><span class='ocrx_word' id='word_1_226' title='bbox 0 0 2312 6532; x_wconf 95' lang='lat' dir='ltr'><strong> </strong></span> 
     </span>
    </p>
   </div>
  </div>
 </body>
</html>
