4658 6508
1325 641 1444 738 (³⁶)

662 815 746 874 ratas
770 802 839 872 vias
863 801 1018 895 publicas.
1046 801 1091 869 ita
1117 807 1155 870 ut
1182 826 1199 868 a
1224 823 1310 870 nunc
1335 809 1367 870 et
1390 800 1538 894 deinceps
1554 813 1747 871 memoratas
1763 801 1887 893 integra
1903 823 1960 872 sex
1985 799 2096 869 uncias

662 931 701 999 de
725 930 790 998 iam
814 929 977 998 nominata
1000 929 1126 1020 integra
1149 937 1236 999 terra
1259 951 1331 999 mea
1354 952 1419 1024 que
1443 940 1579 1001 vocatur
1603 931 1643 1000 ad
1668 929 1803 999 borbeta
1826 928 1930 1020 posita
1955 927 1990 996 in
2014 949 2092 996 me-

660 1065 786 1123 morato
809 1053 883 1122 loco
906 1052 969 1123 boc
993 1063 1041 1124 est
1063 1055 1155 1124 iuxta
1171 1064 1349 1123 memorata
1365 1055 1418 1123 via
1438 1054 1568 1147 publica
1585 1063 1708 1147 aparte
1733 1057 1772 1125 de
1796 1053 1947 1122 vibarum
1971 1053 2006 1121 in
2023 1062 2096 1120 tra-

660 1205 791 1252 versum
814 1181 905 1251 omni
929 1191 1075 1273 tempore
1099 1181 1200 1251 divisa
1223 1203 1299 1249 cum
1324 1181 1493 1250 arboribus
1517 1191 1550 1252 et
1565 1180 1700 1250 introito
1715 1203 1775 1250 suo
1801 1190 1833 1250 et
1857 1179 2009 1249 omnibus
2032 1178 2095 1246 sivi

658 1309 903 1402 pertinentibus.
924 1309 1010 1379 unde
1033 1308 1116 1378 nihil
1131 1307 1213 1377 mibi
1237 1309 1277 1378 de
1295 1318 1489 1378 memoratas
1514 1331 1571 1378 sex
1587 1309 1698 1379 uncias
1716 1311 1755 1380 de
1771 1309 1836 1377 iam
1861 1309 1945 1377 dicta
1969 1307 2095 1399 integra

660 1446 744 1506 terra
766 1461 840 1508 mea
864 1437 995 1531 aliquod
1020 1437 1172 1507 remansit
1196 1446 1252 1506 aut
1275 1436 1466 1507 reservavi:
1492 1437 1577 1505 sicut
1600 1437 1747 1529 superius
1770 1436 1889 1526 legitur
1913 1459 1932 1502 a
1956 1457 2009 1504 me
2035 1435 2095 1504 tibi

659 1561 916 1630 venumdataset
933 1561 1064 1630 traditas
1080 1561 1184 1629 intua
1202 1560 1330 1651 tuisque
1355 1558 1527 1628 heredibus
1550 1559 1592 1628 sit
1616 1567 1771 1651 potestate
1795 1557 1954 1650 quicquid
1977 1559 2094 1628 exinde

659 1687 763 1755 lacere
787 1687 955 1754 volueritis
979 1686 1113 1757 liberam
1137 1709 1264 1778 semper
1287 1686 1429 1755 habeatis
1453 1695 1608 1778 potestate
1634 1687 1756 1779 absque
1780 1686 1871 1754 omni
1905 1705 2038 1754 censum
2062 1695 2096 1754 et

659 1815 770 1905 regula
795 1837 851 1882 seu
875 1815 1137 1905 responsaticum.
1165 1825 1197 1884 et
1221 1838 1326 1907 neque
1351 1839 1370 1882 a
1393 1838 1446 1885 me
1470 1826 1650 1885 memorato
1673 1815 1751 1906 lupo
1780 1813 1914 1884 colonus
1943 1832 2091 1906 nequea

659 1942 740 2010 meis
763 1941 936 2011 heredibus
950 1943 1003 2011 vel
1020 1967 1038 2010 a
1055 1942 1148 2011 nobis
1164 1963 1335 2034 personam
1352 1943 1557 2014 summissam
1573 1944 1663 2013 nullo
1679 1953 1824 2034 tempore
1844 1942 1961 2011 exinde
1976 1941 2092 2011 habeas

660 2091 867 2162 quacumque
892 2067 1144 2161 requesitionem
1169 2078 1225 2137 aut
1249 2069 1395 2138 molestia
1427 2078 1494 2137 tam
1525 2080 1561 2138 tu
1594 2070 1653 2162 qui
1676 2091 1773 2160 supra
1797 2069 1849 2137 leo
1874 2089 1994 2159 genero
2018 2091 2092 2138 meo

660 2216 825 2286 quamque
849 2191 913 2262 tuis
937 2189 1109 2261 heredibus
1133 2215 1191 2284 per
1215 2191 1342 2260 nullum
1364 2194 1499 2262 modum
1534 2192 1569 2261 in
1592 2203 1795 2286 perpetuum.
1828 2192 1960 2283 iusuper
1998 2202 2030 2262 et
2054 2195 2093 2261 ab

660 2319 750 2387 omni
773 2319 905 2389 bomine
929 2319 1084 2410 omnique
1107 2341 1243 2411 persona
1268 2341 1286 2385 a
1310 2317 1455 2410 partibus
1478 2317 1593 2387 militie
1618 2319 1707 2386 omni
1731 2329 1877 2410 tempore
1898 2340 1960 2408 ego
1976 2329 2009 2389 et
2026 2318 2092 2388 be-

659 2443 751 2511 redes
775 2443 839 2512 mei
863 2441 921 2509 tibi
945 2443 1073 2536 tuisque
1097 2443 1268 2513 heredibus
1292 2441 1409 2511 exinde
1444 2441 1478 2509 in
1510 2441 1660 2511 omuibus
1684 2451 1841 2512 antestare
1870 2454 1903 2512 et
1927 2445 2090 2514 defensare

659 2570 879 2660 promittimus
903 2570 937 2638 in
961 2581 1167 2665 perpetuum.
1193 2595 1254 2664 pro
1278 2594 1318 2641 eo
1342 2571 1431 2667 quod
1455 2571 1563 2662 accepi
1587 2581 1654 2640 ate
1671 2571 1788 2640 exinde
1805 2572 1838 2639 in
1854 2572 1994 2663 presenti
2010 2572 2092 2650 idest

660 2695 733 2764 auri
765 2695 885 2766 solidos
909 2700 990 2768 duos
1014 2699 1194 2794 bytianteos
1233 2701 1267 2768 in
1295 2721 1392 2769 omno
1416 2698 1577 2770 decisione
1602 2721 1659 2768 seu
1690 2696 1920 2768 deliberatione
1948 2707 1985 2766 ut
2008 2697 2092 2767 inter

657 2819 752 2888 nobis
767 2821 941 2891 comvenit.
960 2824 1049 2916 quod
1065 2825 1092 2892 si
1111 2822 1202 2893 aliter
1214 2822 1400 2915 provenerit
1416 2824 1456 2893 de
1472 2822 1522 2893 his
1538 2823 1690 2893 omnibus
1705 2822 1891 2892 memoratis
1901 2844 1960 2914 per
1973 2822 2092 2914 quovis

658 2945 794 3013 modum
817 2953 873 3012 aut
904 2947 1108 3014 summissam
1139 2969 1309 3039 personam
1338 2959 1416 3016 tune
1447 2971 1608 3040 compono
1634 2972 1695 3040 ego
1727 2957 1759 3017 et
1783 2948 1917 3018 heredes
1941 2949 2005 3016 mei
2031 2944 2090 3014 tibi

658 3069 786 3163 tuisque
810 3069 981 3141 herodibus
1005 3073 1077 3140 auri
1100 3073 1220 3142 solidos
1244 3075 1355 3144 dec-em
1379 3074 1572 3167 bytianteos.
1604 3083 1637 3142 et
1660 3073 1720 3142 hec
1744 3073 1887 3143 chartula
1919 3072 2091 3142 venditio-

657 3198 708 3266 nis
725 3209 761 3266 ut
776 3200 923 3290 superius
935 3199 1054 3290 legitur
1069 3201 1197 3268 firmam
1210 3209 1419 3291 permaneant
1429 3199 1464 3267 in
1480 3207 1683 3290 perpetuum.
1696 3201 1848 3291 scriptam
1873 3223 1930 3293 per
1953 3221 2087 3268 manum

657 3318 790 3389 iohanni
813 3321 943 3390 curialis
967 3331 999 3390 et
1022 3323 1180 3391 scriniarii
1204 3345 1262 3414 per
1285 3321 1460 3391 indictione
1490 3333 1667 3392 memorata
1690 3322 1754 3390 boc
1777 3325 1905 3411 signum
1930 3327 2088 3414 †mauus

657 3442 828 3514 memorati
850 3442 919 3534 lupi
942 3441 1075 3510 colonus
1091 3441 1150 3535 qui
1163 3441 1272 3510 omnia
1287 3450 1465 3510 memorata
1489 3441 1687 3510 consentiens
1704 3452 1736 3512 et
1760 3450 1854 3510 testes
1878 3453 1915 3509 ut
1938 3441 2084 3511 subscri-

658 3574 773 3642 berent
795 3571 925 3664 rogavit
949 3571 1038 3664 quod
1061 3593 1123 3663 ego
1147 3571 1205 3663 qui
1229 3581 1427 3640 memoratus
1441 3569 1481 3638 ab
1494 3591 1534 3639 eo
1546 3569 1672 3660 rogitus
1688 3591 1749 3661 pro
1764 3590 1840 3639 eum
1854 3567 2028 3659 subscripsi
2052 3581 2085 3640 et

657 3711 854 3772 memoratos
877 3700 995 3771 solidos
1019 3700 1175 3768 confiteor
1192 3698 1372 3791 percepisse

754 3827 784 3924 †
807 3832 878 3922 Ego
901 3829 1055 3898 iohannes
1080 3826 1256 3896 tabularius
1274 3826 1321 3921 (a)
1336 3836 1467 3919 rogatus
1491 3851 1509 3894 a
1533 3837 1713 3896 memorato
1729 3827 1807 3917 lupo
1828 3825 1900 3893 testi
1915 3825 2086 3918 subscripsi

657 3963 688 4026 et
711 3965 906 4026 memoratos
930 3955 1049 4026 solidos
1072 3956 1228 4025 confiteor
1250 3957 1428 4048 percepisse

739 4327 785 4412 (a)
805 4328 898 4411 Apud
915 4331 1067 4392 Romanos
1088 4327 1183 4405 olim,
1203 4343 1238 4391 ut
1261 4329 1403 4390 Cuiacius
1426 4329 1492 4412 (L.
1506 4331 1642 4392 univers.
1660 4353 1687 4391 c.
1703 4329 1740 4392 de
1753 4327 1947 4412 Decutiou.)
1968 4349 2004 4390 ac
2017 4330 2082 4389 Go-

658 4435 816 4499 tholredus
828 4437 919 4519 (cod.
936 4437 1053 4501 Theod.
1079 4437 1130 4498 tid.
1141 4441 1243 4500 VIII.
1269 4442 1315 4499 tit.
1330 4439 1410 4522 125.
1425 4439 1448 4500 5
1463 4439 1501 4501 de
1518 4441 1646 4524 Tabul.)
1670 4454 1836 4510 testantur,
1854 4439 2020 4503 Tabulam·
2032 4437 2082 4498 di-

656 4553 821 4629 cebantur,
842 4555 897 4635 qui
912 4555 1071 4616 civitatum
1083 4569 1138 4616 aut
1149 4555 1378 4636 provinciarum
1390 4554 1511 4617 tabulas
1537 4555 1604 4618 sive
1618 4557 1739 4618 chartas
1751 4555 1940 4630 tractabant,
1965 4553 2009 4614 rei
2025 4555 2080 4613 tri-

654 4665 790 4724 butariae
808 4663 1015 4745 supputabant
1034 4665 1192 4739 rationes,
1220 4677 1254 4724 et
1273 4663 1429 4725 tabulario
1449 4666 1581 4728 civitatis
1602 4679 1786 4747 praeerant,
1813 4667 1845 4726 in
1870 4685 1934 4747 quo
1959 4677 2078 4744 practer

655 4777 775 4839 chartas
795 4776 944 4858 pleraque
963 4777 1026 4839 alia
1047 4791 1110 4838 tum
1130 4775 1258 4859 publica
1278 4791 1345 4838 tum
1359 4779 1481 4860 privata
1500 4779 1758 4842 recondebantur.
1774 4779 1900 4840 Adhaec
1912 4798 1968 4861 pro
1981 4780 2078 4860 impe·

656 4885 720 4945 ritis
739 4885 900 4948 literarum
920 4889 977 4970 ipsi
996 4889 1171 4951 scribebant
1202 4901 1255 4948 aut
1273 4889 1528 4966 subscribebant,
1556 4903 1588 4951 et
1606 4909 1661 4971 pro
1682 4889 1823 4971 stipulari
1849 4887 2079 4969 nequeuntibus

654 4999 889 5086 stipulabantur·
904 5004 1021 5067 Verum
1036 5003 1120 5086 apud
1136 5025 1190 5066 nos
1204 5005 1337 5086 aequiori
1358 5019 1452 5067 aetate
1468 5004 1541 5066 dicti
1561 5002 1647 5068 tuere
1662 5003 1829 5066 Tabularii
1843 5002 1968 5084 quidam
1988 5023 2005 5065 e
2027 5021 2080 5062 cu·
