4692 6512
1321 645 1468 738 (ιη)

682 805 785 876 beatis
819 824 1029 900 quacumque
1065 802 1316 898 requesitionem
1351 811 1407 872 aut
1444 797 1591 872 molestia
1630 807 1684 868 tan
1720 819 1779 867 vos
1818 797 1876 893 qni
1909 820 2004 892 supra
2039 811 2105 872 ste-

681 931 791 1024 phano
815 943 848 1002 et
871 952 999 1024 gemma
1023 928 1146 1023 iugales
1168 951 1334 1024 quamque
1360 927 1473 998 vestris
1504 924 1677 998 heredibus
1713 947 1774 1019 per
1808 923 1936 994 nulum
1967 926 2103 998 modum

682 1053 715 1124 in
733 1063 926 1148 perpetuum
943 1078 952 1122 ε
980 1051 1111 1146 insuper
1136 1061 1169 1124 et
1184 1051 1225 1121 ab
1242 1050 1333 1121 omni
1356 1049 1488 1123 bomine
1512 1049 1668 1144 omnique
1684 1069 1836 1142 personas
1851 1047 1941 1120 omni
1958 1057 2103 1142 tempore

682 1201 743 1249 nos
767 1188 800 1248 et
823 1177 996 1250 heredibus
1019 1175 1138 1248 nostris
1161 1173 1257 1246 vobis
1279 1172 1460 1268 vestrisque
1478 1170 1651 1246 heredibus
1675 1170 1793 1246 exinde
1814 1172 1849 1242 in
1872 1172 2024 1250 omnibus
2048 1199 2105 1245 an-

682 1313 799 1376 testare
824 1314 857 1376 et
881 1305 1046 1376 defensare
1071 1302 1268 1374 debeamus:
1294 1309 1426 1394 propter
1450 1300 1539 1394 quod
1563 1298 1746 1393 accepimus
1770 1323 1788 1368 a
1812 1298 1906 1370 vobis
1928 1301 2046 1372 exinde
2069 1303 2105 1372 in

682 1431 838 1522 presentis
861 1431 944 1502 idest
961 1429 1033 1500 auri
1057 1429 1175 1502 solidos
1203 1430 1314 1500 decem
1330 1427 1476 1523 quinque
1499 1426 1665 1497 ineantum
1682 1425 1731 1522 (t)
1747 1436 1780 1500 et
1806 1427 1955 1522 quinque
1980 1431 2020 1500 de
2044 1431 2105 1500 tari

681 1581 741 1628 ana
766 1569 908 1652 quatuor
932 1557 993 1628 tari
1017 1581 1076 1653 per
1098 1557 1240 1630 solidum
1265 1567 1303 1628 ut
1325 1556 1410 1627 inter
1433 1555 1527 1628 nobis
1549 1555 1741 1627 comvenit:
1773 1555 1801 1626 si
1824 1564 1934 1628 autem
1966 1578 2026 1628 nos
2050 1558 2102 1628 vei

678 1680 854 1754 heredibus
877 1683 994 1754 nostris
1018 1693 1131 1754 contra
1163 1681 1247 1753 hanc
1283 1679 1463 1752 chartrdam
1493 1678 1687 1754 venditionis
1711 1689 1747 1750 ut
1770 1701 1867 1775 super
1902 1680 2021 1774 legitur
2044 1707 2100 1755 ve-

678 1804 749 1875 nire
775 1807 1066 1900 presumpserimus
1084 1829 1144 1900 per
1166 1805 1284 1902 quovis
1306 1807 1441 1876 modum
1458 1815 1514 1875 aut
1537 1803 1716 1876 summissis
1739 1805 1884 1898 personis
1908 1815 1984 1879 tunc
2004 1831 2100 1880 com·

678 1933 830 2024 ponimus
854 1933 947 2004 vobis
971 1934 1152 2029 vestrisque
1175 1933 1349 2006 heredibus
1379 1933 1450 2003 auri
1474 1931 1593 2003 solidos
1609 1930 1741 2026 triginta
1758 1933 1956 2028 bytianteos:
1984 1947 2016 2008 et
2039 1937 2098 2009 hec

678 2058 825 2127 chartula
847 2059 1043 2130 venditionis
1068 2069 1106 2130 ut
1136 2079 1233 2152 super
1269 2057 1387 2152 legitur
1419 2059 1461 2128 sit
1495 2057 1649 2130 hunam:
1687 2057 1840 2152 scriptam
1874 2083 1932 2154 per
1967 2084 2099 2132 manum

677 2184 826 2254 anastasii
850 2183 979 2256 curialis
1002 2207 1061 2280 per
1083 2182 1248 2256 nominata
1272 2183 1446 2257 indictione

771 2309 835 2380 hoc
859 2311 989 2405 signum
1005 2307 1035 2404 †
1051 2333 1165 2382 manus
1190 2310 1348 2384 nominati
1364 2311 1447 2406 petri
1470 2310 1597 2384 furarii
1621 2321 1653 2382 et
1669 2314 1771 2386 maria
1787 2313 1910 2410 iugales
1932 2317 2023 2407 quod
2038 2337 2100 2408 ego

676 2439 735 2530 qui
759 2439 944 2508 nominatos
968 2437 1099 2532 procis
1123 2435 1297 2532 subscripsi
1320 2447 1353 2510 et
1375 2435 1557 2510 nominatos
1581 2435 1700 2511 solidos
1725 2439 1858 2512 traditos
1882 2439 1998 2532 vidi†

659 2641 663 2650 1
769 2559 801 2652 †
824 2583 887 2654 ego
914 2559 1070 2632 iohannes
1093 2560 1180 2632 filius
1206 2559 1330 2634 domini
1347 2559 1435 2633 leoni
1456 2571 1589 2656 rogatus
1610 2586 1629 2632 a
1653 2561 1871 2657 suprascripto
1894 2565 2017 2658 iugales
2049 2574 2095 2636 te-

673 2687 714 2758 sti
741 2687 916 2782 subscripsi
938 2701 971 2760 et
987 2689 1215 2782 suprascripto
1235 2685 1358 2760 solidos
1380 2688 1515 2760 traditos
1542 2688 1657 2784 bidi†

769 2813 890 2908 †eg0
924 2816 977 2886 leo
1004 2816 1089 2886 filius
1122 2816 1246 2886 domini
1278 2813 1355 2886 boni
1387 2825 1519 2910 rogatus
1557 2840 1576 2886 a
1613 2817 1831 2912 suprascripto
1864 2819 1987 2915 iugales
2023 2823 2097 2908 testi

671 2941 847 3036 subscripsi
878 2951 912 3014 et
939 2943 1158 3038 suprascripto
1185 2943 1304 3016 solidos
1331 2943 1465 3016 uaditos
1493 2943 1609 3040 bidi†

767 3066 798 3161 †
821 3091 883 3163 ego
910 3079 1021 3164 petrus
1050 3069 1135 3142 tilius
1155 3070 1280 3142 domini
1301 3069 1407 3142 basilii
1427 3081 1560 3166 rogatus
1586 3096 1604 3143 a
1627 3075 1844 3169 suprascripto
1869 3076 1992 3172 iugales
2020 3081 2094 3150 testi

670 3192 844 3286 subscripsi
873 3201 906 3267 et
935 3191 1168 3286 suprascriptos
1194 3190 1314 3264 solidos
1341 3191 1474 3266 traditos
1496 3192 1612 3288 bidi†

768 3316 798 3410 †
839 3319 912 3412 Ego
946 3317 1121 3390 anastasius
1149 3317 1280 3392 curialis
1311 3319 1473 3414 complevi
1499 3331 1531 3392 et
1564 3317 1685 3395 olrsolvi
1714 3345 1775 3418 pro
1808 3327 1972 3398 nominata
2000 3328 2094 3399 indi-

670 3442 786 3516 ctione.
895 3483 901 3498 ·

666 4122 2079 4160 ·--·--—--------.-----—...........

750 4309 795 4392 (2)
816 4310 1010 4372 Vocabulum
1030 4313 1089 4373 boc
1109 4313 1275 4375 incuratum
1295 4316 1328 4376 in
1349 4313 1506 4380 Glossariia
1526 4317 1673 4382 interioria
1692 4319 1762 4386 aevi
1774 4321 1894 4384 minime
1908 4337 2085 4386 recensetur.

667 4416 746 4478 Cum
768 4437 802 4478 ea
823 4419 907 4498 pretii
928 4419 1108 4502 pensitatio,
1134 4441 1213 4504 quae
1232 4424 1300 4486 heic
1320 4424 1454 4487 exsoluta
1475 4426 1592 4506 dicitnr
1605 4429 1716 4494 solidis
1736 4434 1878 4514 quinque
1897 4434 2064 4494 incautum
2075 4480 2085 4512 ,

665 4535 695 4584 ec
715 4525 858 4607 quinque
878 4524 916 4586 de
936 4529 1001 4588 tari
1018 4541 1101 4607 etc,
1134 4531 1166 4592 in
1186 4535 1360 4596 membrana
1379 4537 1450 4596 anni
1470 4553 1552 4620 949,
1578 4541 1618 4602 30
1637 4539 1715 4604 lunii
1734 4539 1849 4604 dicam
1877 4543 2013 4606 exsoluta
2034 4568 2086 4606 so-

666 4634 743 4696 lidis
764 4655 817 4696 aex
836 4639 1005 4700 inuentum
1026 4653 1055 4702 et
1075 4641 1174 4704 tn'dus
1192 4647 1226 4704 ia
1245 4643 1413 4724 fructum,
1444 4669 1502 4712 nos
1530 4650 1601 4714 hinc
1625 4653 1800 4716 coniieimua
1821 4655 1914 4738 priori
1933 4655 2084 4718 vocabulo

667 4751 833 4810 incursuum
852 4749 985 4812 denotari
1006 4755 1190 4818 consuevisse
1210 4757 1297 4838 pretii
1318 4772 1454 4842 partem,
1481 4781 1559 4844 quae
1578 4761 1681 4826 solidis
1700 4764 1824 4847 integris
1849 4765 2083 4844 exsolvebatur,

666 4859 817 4923 vocabulo
837 4881 908 4925 vero
928 4866 964 4923 in
977 4863 1127 4939 fructum
1147 4866 1300 4951 reliquum
1324 4871 1453 4952 pretium
1463 4913 1474 4948 ‚
1505 4872 1588 4954 quod
1614 4873 1800 4957 pendebatur
1820 4878 1929 4942 tarenis
1949 4893 2002 4940 aut
2022 4877 2084 4938 alio

663 4994 854 5036 nummorum
873 4997 1004 5056 genere,
1027 4983 1080 5061 qui
1100 4979 1202 5061 aliqua
1222 4981 1312 5044 solidi
1332 4999 1416 5064 parte
1434 4998 1608 5050 constarent.
