4692 6512
1126 1227 1129 1238 ·
1256 1179 1377 1250 christe
1401 1181 1474 1250 save

539 1341 590 1388 an,
753 1307 794 1375 lo
817 1305 940 1375 omnine
963 1303 1084 1374 domim
1108 1304 1160 1374 dei
1183 1301 1354 1374 salvatoris
1369 1304 1473 1374 nostri
1497 1301 1591 1373 ihesu
1608 1299 1722 1372 christi
1745 1301 1927 1396 imperante
1943 1303 2079 1376 domino

525 1451 606 1512 945.
654 1443 767 1506 nostro
790 1433 999 1506 Constantino
1024 1433 1257 1527 porfirogeuito
1280 1455 1400 1525 magno
1425 1431 1620 1524 imperatore
1643 1453 1728 1501 anno
1751 1430 1918 1502 tricesimo
1946 1433 2075 1503 octabo:

656 1561 708 1632 die
724 1561 878 1632 vicesima
902 1569 1018 1655 quarta
1041 1559 1145 1632 mensi
1168 1556 1351 1629 nobembrii
1374 1555 1552 1628 indictione
1575 1564 1692 1649 quarta
1715 1555 1846 1648 neapoli
1866 1556 1999 1628 Certum
2031 1569 2079 1630 est

654 1709 708 1758 me
731 1687 912 1780 eligemum
937 1686 991 1756 cui
1014 1705 1253 1777 supernomen
1277 1683 1464 1754 mirandum
1488 1682 1593 1752 filium
1616 1682 1749 1775 quidem
1784 1681 1910 1752 domini
1932 1682 2080 1776 stephani

652 1813 768 1886 militis
803 1821 836 1886 et
859 1812 992 1910 quidem
1026 1812 1156 1884 domine
1188 1810 1313 1882 marie:
1349 1809 1512 1903 iugalibus
1535 1831 1768 1903 personarum:
1806 1809 2002 1902 Apresenti
2024 1809 2078 1881 die

652 1941 872 2035 promtissima
895 1941 1083 2012 voluntate:
1122 1940 1318 2012 venumdedi
1342 1949 1375 2012 et
1399 1937 1515 2009 tradidi
1538 1938 1631 2008 vobis
1660 1937 1795 2009 domino
1818 1938 1908 2008 leoni
1938 1960 2081 2009 venera-

652 2065 711 2135 bili
735 2065 915 2158 presbitero
951 2063 1020 2134 filio
1053 2063 1187 2158 quidem
1219 2063 1395 2136 iohannis:
1438 2064 1521 2136 idest
1550 2037 1676 2157 integra
1705 2086 1771 2134 una
1799 2063 1886 2158 petia
1920 2063 2083 2157 portionis

652 2212 726 2261 mee
750 2189 809 2282 qui
833 2210 886 2257 me
910 2188 946 2258 in
968 2197 1055 2258 sorte
1092 2187 1197 2281 tetigit
1232 2189 1322 2281 quod
1346 2195 1395 2258 est
1418 2186 1530 2257 ortalis
1552 2187 1658 2281 posita
1693 2187 1728 2258 in
1758 2188 1832 2258 loco
1864 2187 1924 2281 qui
1948 2197 2085 2259 vocatur

653 2314 786 2410 quillaci
810 2337 876 2384 una
899 2335 975 2384 cum
992 2312 1163 2382 arboribus
1183 2322 1216 2384 et
1231 2311 1403 2384 introitum
1421 2333 1518 2383 suurn
1534 2321 1566 2384 et
1594 2311 1746 2384 omnibus
1770 2313 1833 2383 sivi
1849 2313 2084 2407 pertinentibus

652 2444 740 2514 unde
763 2441 846 2512 nihil
869 2441 951 2512 mihi
975 2443 1116 2538 aliquod
1144 2445 1298 2515 remansit
1321 2453 1378 2513 aut
1401 2444 1567 2514 reservavi
1601 2467 1662 2515 nec
1693 2443 1729 2514 in
1753 2443 1892 2515 alienam
1927 2447 2086 2540 cuiusque

653 2591 809 2663 personas
833 2571 923 2664 quod
943 2569 1026 2640 absit
1049 2569 1200 2638 commisi
1223 2578 1433 2662 potestatem:
1462 2578 1599 2661 excepto
1624 2569 1776 2661 portione
1797 2593 1871 2642 mea
1898 2572 1937 2642 de
1956 2571 2087 2664 pischi-

655 2721 697 2769 no
725 2719 825 2792 quem
849 2697 884 2768 in
900 2719 973 2770 mes
997 2696 1162 2768 reservavi
1186 2704 1400 2790 potestatem:
1427 2706 1586 2791 quatenus
1610 2706 1643 2768 et
1666 2720 1725 2792 per
1753 2697 1982 2793 quoherenties
2013 2722 2084 2770 vo-

655 2824 706 2895 bis
733 2849 772 2897 ea
803 2823 963 2896 insinuo:
1002 2826 1063 2919 qui
1094 2833 1127 2897 et
1149 2823 1311 2918 quoheret
1334 2823 1398 2894 sivi
1422 2824 1463 2894 ab
1487 2849 1554 2898 uno
1582 2825 1682 2900 latere
1715 2833 1802 2896 terra
1834 2825 1993 2897 heredum
2016 2826 2086 2921 lupi

655 2951 722 3022 abii
749 2951 825 3024 tui:
852 2954 893 3032 de
916 2953 983 3022 olio
1006 2952 1106 3024 latere
1137 2961 1225 3023 terra
1260 2951 1393 3024 ecclesie
1427 2962 1536 3025 sancte
1565 2952 1667 3024 marie
1699 2953 1746 3024 ibi
1780 2953 1888 3048 ipsum
1922 2957 2022 3027 simul
2055 2967 2088 3030 et

654 3079 801 3175 predicta
823 3081 957 3154 ecclesia
992 3105 1057 3176 que
1096 3079 1211 3152 vestris
1241 3104 1260 3148 a
1294 3079 1499 3156 consortibus
1534 3081 1697 3152 avuistis:
1736 3084 1778 3156 de
1800 3104 1867 3152 uuo
1902 3084 2007 3177 capite
2032 3084 2088 3154 via

654 3209 881 3281 communalis.
907 3210 947 3280 de
971 3208 1035 3279 alio
1059 3207 1165 3300 eapite
1190 3209 1244 3280 vis
1268 3207 1397 3302 publica
1420 3207 1518 3278 simul
1551 3216 1584 3278 et
1613 3209 1649 3278 in
1672 3208 1910 3304 aliquantulum
1935 3210 1976 3282 de
2004 3232 2087 3281 mo-

655 3330 729 3402 dica
752 3330 875 3401 terrula
907 3330 1039 3401 domine
1063 3330 1166 3401 maria
1204 3331 1316 3403 relicte
1350 3331 1485 3426 quidem
1519 3332 1645 3402 domini
1677 3333 1827 3403 anastasii
1861 3333 1927 3404 filia
1960 3335 2085 3407 domini

655 3452 806 3524 iohannis
829 3452 961 3546 quidem
996 3452 1097 3524 duci:
1137 3455 1223 3526 unde
1259 3454 1343 3526 nihil
1376 3455 1459 3526 mihi
1490 3456 1624 3550 aliquod
1655 3481 1698 3528 ex
1732 3459 1802 3552 ipsa
1836 3461 1964 3553 integra
1997 3470 2085 3532 terra

655 3580 743 3650 intus
765 3579 924 3672 predictas
947 3579 1178 3673 quoherentias
1202 3580 1356 3654 remansit
1379 3590 1436 3654 aut
1459 3580 1625 3652 reservavi
1659 3605 1719 3654 nec
1744 3582 1779 3652 in
1804 3583 1942 3656 alienam
1969 3609 2087 3680 perso-

655 3726 714 3776 nas
736 3701 885 3774 commisi
908 3712 1101 3798 potestatem
1125 3713 1261 3798 excepto
1292 3712 1329 3774 ut
1353 3702 1424 3780 disi
1460 3701 1530 3796 ipsa
1563 3705 1714 3797 portione
1740 3728 1811 3777 mee
1846 3707 1887 3779 de
1923 3709 2088 3779 nominata

654 3829 801 3924 pischina
825 3853 926 3927 quern
948 3830 984 3900 in
1003 3853 1076 3902 mea
1100 3829 1267 3901 reservavi
1290 3838 1501 3922 potestatem:
1527 3851 1587 3900 nec
1608 3854 1627 3898 a
1649 3832 1791 3923 presenti
1815 3832 1869 3904 die
1886 3843 1919 3904 et
1937 3843 2085 3928 tempore

655 3981 713 4029 seu
736 3973 770 4030 et
793 3959 943 4053 deinceps
966 3957 1034 4027 iarn
1056 3955 1142 4028 dicta
1165 3955 1293 4049 integra
1316 3963 1403 4026 terra
1426 3967 1464 4025 ut
1497 3976 1595 4049 super
1627 3955 1748 4050 legitur
1776 3981 1866 4030 ame
1897 3958 1991 4030 vobis
2021 3984 2086 4034 ve-

654 4087 825 4158 numdatus
849 4097 882 4158 et
905 4086 1038 4156 traditas
1062 4083 1098 4154 in
1118 4092 1226 4156 vestra
1242 4082 1423 4177 vestrisque
1446 4081 1620 4156 heredibus
1643 4088 1708 4156 sint
1730 4095 1922 4180 potestatem
1939 4087 2081 4162 habendi

657 4214 787 4283 tenendi
801 4213 955 4283 vindendi
968 4211 1104 4281 cedendi
1120 4210 1262 4281 donandi
1277 4210 1500 4280 commutandi
1527 4210 1582 4282 vel
1601 4212 1636 4282 in
1658 4213 1802 4307 predicta
1821 4225 1929 4287 vestra
1947 4213 2084 4290 ecclesia

657 4337 836 4411 olleruendi
853 4347 910 4408 aut
924 4337 1082 4431 quicquid
1099 4337 1216 4409 exinde
1242 4339 1347 4408 lacere
1370 4335 1579 4434 iudicareque
1597 4339 1766 4412 volueritis
1793 4341 1931 4413 liberam
1959 4366 2088 4438 semper

657 4465 802 4538 babeatis
835 4473 1056 4559 potestatem:
1099 4473 1132 4535 et
1159 4486 1309 4558 nequeo
1340 4484 1393 4534 me
1421 4463 1588 4533 nominato
1608 4463 1754 4557 aligerno
1789 4467 1844 4537 cui
1867 4489 2086 4561 supernomen

656 4595 842 4668 mirandum
865 4616 972 4688 neque
996 4617 1015 4662 a
1037 4591 1120 4662 meis
1143 4590 1318 4662 heredibus
1347 4589 1401 4661 vel
1425 4615 1444 4659 a
1473 4589 1568 4660 nobis
1602 4591 1788 4663 summissos
1819 4617 1972 4688 personas
1995 4596 2088 4668 nullo

657 4732 805 4816 tempore
828 4740 1008 4812 numquam
1030 4726 1069 4786 tu
1091 4725 1148 4786 aut
1171 4715 1306 4787 heredes
1331 4713 1395 4784 tuis
1418 4712 1565 4785 habeatis
1589 4715 1708 4789 exinde
1736 4717 1883 4812 qualivet
1913 4720 2086 4813 questione

656 4870 716 4939 per
738 4845 865 4915 nullum
888 4844 1025 4916 modurn
1047 4841 1082 4912 in
1105 4849 1319 4935 perpetuum:
1347 4839 1478 4932 insuper
1501 4861 1564 4932 ego
1586 4841 1699 4912 etmel
1715 4841 1852 4915 heredes
1877 4843 1935 4913 tivi
1953 4845 2087 4942 tuisque

657 4971 829 5043 heredibus
864 4971 1029 5040 nominata
1051 4967 1179 5060 integra
1203 4975 1291 5038 torro
1324 4987 1403 5036 cum
1427 4963 1579 5036 omnibus
1607 4964 1671 5036 sivi
1693 4967 1931 5061 pertinentibus
1960 4980 1997 5040 ut
2020 4993 2087 5042 su-
