4692 6512
1339 611 1480 708 (124)

699 772 766 841 tole
791 771 987 841 hostendere
1012 767 1217 861 potuerimus
1240 769 1299 863 qui
1324 768 1411 840 intus
1439 771 1624 840 nominatas
1659 769 1861 842 coherentias
1894 790 2129 868 essegregavc·

693 901 759 969 rint
784 898 873 992 quod
896 897 945 966 ibi
968 895 1088 966 habere
1111 897 1315 989 potuerimus
1338 897 1425 966 clara
1453 899 1536 968 iacta
1571 896 1709 969 veritate
1744 921 1803 990 per
1843 899 1912 993 ipse
1935 901 2126 975 chartulea

696 1031 774 1090 tunc
803 1043 862 1113 per
886 1019 1080 1090 ratiociueas
1114 1017 1238 1092 ibidem
1273 1020 1309 1089 in
1339 1019 1409 1112 ipsa
1442 1031 1528 1091 terre
1557 1020 1680 1090 intrare
1716 1019 1899 1092 debeamus
1934 1023 2031 1093 sicuti
2065 1051 2125 1119 per

692 1149 763 1239 ipse
797 1144 944 1216 chartule
967 1145 1090 1219 ibidem
1114 1146 1236 1218 intrare
1260 1144 1467 1240 potuerimus
1502 1145 1591 1236 Quia
1615 1146 1662 1214 ita
1689 1145 1785 1218 nobis
1807 1149 1987 1220 iudicatum
2016 1161 2063 1222 ast
2088 1155 2123 1223 Si

691 1283 801 1344 autem
825 1297 888 1366 ego
912 1273 966 1345 vel
988 1273 1124 1345 heredes
1148 1273 1230 1345 meis
1253 1272 1372 1368 quobis
1393 1279 1543 1367 tempore
1566 1278 1684 1342 contra
1708 1273 1792 1344 hano
1816 1275 1963 1347 chartula
1994 1281 2122 1350 securi-

691 1398 767 1466 tatis
791 1407 828 1466 ut
862 1419 960 1490 super
993 1397 1115 1491 legitur
1145 1398 1258 1469 venire
1293 1395 1567 1491 presumserimus
1604 1405 1638 1470 et
1660 1396 1695 1465 iu
1719 1397 1845 1494 aliquid
1875 1399 1991 1471 offensi
2014 1405 2121 1474 fueri-

689 1543 763 1592 mus
786 1545 845 1616 per
869 1521 986 1618 quobis
1007 1521 1146 1592 modum
1171 1529 1228 1590 aut
1251 1519 1435 1591 summissis
1460 1519 1608 1612 personis
1624 1528 1702 1590 tuuc
1716 1519 1943 1615 componimus
1957 1525 2019 1594 tivi
2034 1533 2121 1598 tuis-

687 1672 752 1740 que
787 1649 962 1722 heredibus
994 1650 1067 1720 auri
1103 1646 1225 1720 solidos
1261 1645 1435 1719 duodecim
1478 1645 1660 1738 bytiantcos
1683 1657 1717 1718 et
1739 1649 1800 1720 hcc
1823 1649 1970 1722 chartula
1992 1656 2121 1724 securi-

687 1770 763 1840 tatis
799 1781 837 1842 ut
872 1795 970 1867 super
1007 1773 1129 1868 legitur
1154 1771 1196 1842 sit
1219 1769 1315 1841 firma
1338 1766 1460 1862 scripta
1502 1792 1561 1863 per
1585 1791 1701 1842 manua
1723 1774 1870 1868 gregorii
1899 1778 2026 1849 curialis
2059 1803 2120 1873 per

687 1930 854 2002 nominata
877 1935 1056 2008 indictione
1078 1933 1109 2027 †

783 2057 847 2127 hoc
871 2061 1003 2152 signum
1026 2059 1057 2153 †
1080 2085 1196 2132 manus
1219 2063 1384 2132 nominati
1407 2060 1560 2134 iohannis
1584 2065 1673 2157 quod
1703 2087 1766 2158 ego
1790 2065 1849 2160 qui
1871 2068 2056 2142 nominatos
2078 2073 2117 2143 ab

686 2203 763 2250 eum
787 2195 921 2274 rogatus
945 2205 1007 2276 pro
1031 2204 1108 2254 oum
1132 2183 1307 2276 subscripsi
1331 2185 1361 2278 †

781 2307 899 2401 †eg0
923 2310 1079 2383 iohannes
1102 2312 1189 2386 iilius
1222 2312 1347 2384 domini
1375 2317 1460 2406 petri
1497 2323 1633 2409 rogatus
1667 2342 1686 2384 a
1719 2322 1939 2415 suprascripto
1975 2323 2115 2398 iohanne

686 2437 761 2506 testi
784 2437 957 2532 subscripsi
974 2440 1005 2533 †

781 2559 812 2653 †
836 2584 898 2655 ego
922 2562 1078 2636 iohannes
1101 2565 1188 2637 filius
1211 2566 1336 2638 domiui
1359 2566 1510 2639 theodori
1534 2567 1657 2640 tribuni
1680 2581 1816 2666 rogatus
1841 2599 1860 2644 a
1895 2579 2114 2673 suprascripto

683 2685 827 2758 iohanne
851 2691 927 2762 testi
951 2691 1171 2788 subscripsi†

784 2805 809 2882 †
830 2813 902 2869 uro
921 2815 1147 2918 rra-mommo
1172 2819 1322 2876 ormorc
1338 2794 1395 2878 m
1410 2825 1661 2887 uoucrmrmr
1685 2831 1875 2889 uorauouc
1893 2831 1919 2890 a
1940 2807 2033 2893 cmo
2051 2837 2109 2894 10-

683 2920 784 2975 smm
805 2926 914 2982 ruem
942 2928 1073 3008 cOTB†

783 3030 900 3128 †cgo
924 3039 1095 3134 gregorius
1125 3042 1257 3115 curialis
1289 3045 1452 3140 complevi
1487 3071 1547 3140 per
1577 3048 1742 3122 nominata
1777 3052 2015 3144 quartadecima
2051 3051 2112 3122 in-

683 3152 835 3227 dictione.
