4692 6512
869 651 1013 746 (ιιι)

225 809 484 882 venundedimus
507 818 545 882 ut
568 833 666 904 super
688 809 810 905 iegitur
844 809 880 882 in
915 809 1069 884 omnibus
1104 819 1263 886 antestare
1292 820 1326 884 ct
1361 813 1527 884 defensare
1564 832 1651 904 pro-

225 938 389 1010 mictimus
413 939 481 1010 sine
505 940 597 1010 omni
620 949 677 1010 tua
700 939 925 1033 heredumque
948 949 1083 1012 tuorum
1099 940 1328 1012 damnietatem
1343 939 1467 1011 nullam
1482 939 1649 1009 mictentes

224 1066 476 1137 occansionem:
508 1089 570 1160 pro
594 1091 635 1138 eo
664 1069 755 1163 quod
782 1067 1003 1162 accepimusa
1028 1075 1061 1140 te
1088 1069 1206 1141 exinde
1232 1067 1268 1138 in
1289 1068 1447 1162 presentis
1468 1066 1502 1136 in
1518 1087 1651 1135 omnem

225 1192 421 1262 decisionem
447 1211 505 1262 sen
527 1191 758 1264 deliberatione
784 1191 867 1264 idest
882 1193 955 1266 auri
979 1193 1042 1264 tari
1057 1194 1170 1266 decem
1186 1199 1220 1264 et
1247 1199 1323 1262 octo
1345 1191 1431 1262 sicut
1457 1189 1542 1261 inter
1558 1189 1652 1259 nobis

225 1319 404 1391 convenit:
434 1319 570 1412 Insuper
597 1319 821 1412 promictimus
847 1341 908 1391 nos
935 1319 1111 1390 nominatis
1137 1315 1300 1412 germanis
1328 1315 1407 1410 quia
1433 1315 1525 1384 omni
1560 1323 1651 1386 tem-
1785 1360 1789 1370 ι

224 1466 306 1536 pore
324 1465 385 1515 uos
408 1452 442 1514 et
466 1443 600 1515 heredes
626 1443 745 1514 nostris
769 1443 831 1514 tiri
857 1444 1025 1515 nominato
1047 1444 1183 1516 domino
1206 1441 1347 1514 iohanne
1374 1450 1408 1514 et
1428 1451 1462 1511 at
1488 1443 1553 1512 tuis
1584 1439 1651 1512 he-

224 1568 356 1639 redibus
395 1567 512 1638 exinde
552 1568 691 1660 desuper
718 1567 832 1639 tollere
860 1568 1088 1661 promictimus
1116 1589 1230 1640 omues
1263 1588 1432 1662 germanas
1461 1574 1586 1638 nostras
1621 1575 1654 1636 ct

224 1715 358 1766 suarum
379 1692 556 1766 heredibus
582 1693 652 1766 sine
679 1695 771 1766 omni
797 1706 854 1766 tua
878 1696 1103 1792 heredumque
1129 1703 1264 1767 tuarum
1291 1694 1485 1767 damnietate
1511 1694 1589 1788 quia
1605 1693 1653 1762 ita

225 1818 319 1888 nobis
345 1818 455 1890 stetit:
484 1817 583 1903 Quod
611 1819 639 1888 si
668 1818 762 1892 aliter
784 1821 973 1914 provenerit
1003 1822 1043 1894 de
1070 1821 1122 1894 his
1155 1821 1307 1892 omnibus
1335 1819 1603 1913 nominatisque
1634 1845 1654 1886 a

223 1945 320 2016 nobis
345 1945 408 2015 tivi
431 1945 632 2016 renundatus
658 1955 692 2016 et
719 1945 851 2018 traditas
880 1969 938 2017 seu
962 1945 1122 2039 promissa
1148 1946 1304 2040 leguntur
1329 1955 1386 2018 eut
1412 1944 1530 2040 quohis
1563 1964 1655 2014 tem-

224 2097 306 2165 pore
330 2095 391 2143 nos
414 2072 468 2142 vei
494 2069 631 2145 heredes
655 2074 775 2144 nostris
790 2083 904 2144 contra
930 2074 1013 2144 hanc
1035 2071 1216 2144 chartulam
1238 2083 1276 2144 ut
1306 2097 1405 2168 super
1434 2075 1554 2166 legitur
1587 2097 1653 2146 ve-

224 2197 303 2266 nire
324 2196 595 2289 presumserimus
622 2205 656 2267 et
685 2195 721 2266 in
743 2196 869 2292 aliquid
890 2199 1004 2270 offensi
1029 2199 1189 2272 brennius
1213 2222 1272 2292 per
1303 2198 1420 2292 quohis
1444 2199 1581 2268 modum
1598 2209 1656 2268 aut

225 2323 406 2393 summ'nsis
433 2322 580 2416 personis
607 2334 685 2394 tunc
718 2325 945 2418 componimus
972 2349 1032 2396 nos
1059 2337 1093 2398 et
1122 2327 1257 2398 heredes
1287 2327 1406 2398 nostris
1432 2325 1493 2396 tivi
1525 2327 1655 2418 tuisque

224 2446 400 2518 heredibus
434 2447 507 2516 auri
543 2447 664 2519 solidos
690 2449 831 2520 sedecim
859 2449 1041 2543 bytianteos
1068 2461 1102 2522 et
1124 2450 1187 2522 hec
1212 2451 1358 2522 chartula
1390 2449 1586 2523 venditionis
1619 2459 1657 2518 ut

224 2595 324 2668 super
361 2575 482 2668 iegitur
512 2575 555 2646 sit
594 2577 689 2648 firma
728 2577 848 2671 scripta
879 2601 940 2671 per
977 2603 1093 2650 manus
1121 2579 1267 2673 gregorii
1298 2579 1428 2650 curialis
1454 2601 1513 2672 per
1540 2578 1656 2646 nomi-

224 2707 303 2768 nata
329 2697 553 2792 indictione†
579 2699 644 2769 hoc
670 2701 853 2794 signum†
878 2723 995 2774 manus
1021 2702 1181 2774 nominati
1208 2701 1357 2772 iohannis
1379 2700 1443 2771 hoc
1470 2698 1657 2792 signum-i

224 2847 343 2895 manus
381 2825 540 2895 nominati
567 2826 713 2919 gregorii
738 2835 772 2898 et
803 2826 891 2898 leoni
920 2849 979 2899 seu
1009 2827 1168 2898 nominati
1193 2827 1342 2921 stephani
1366 2825 1441 2898 filiis
1469 2826 1537 2897 suis
1565 2827 1655 2920 quod

226 2975 292 3043 ego
330 2951 388 3044 qui
422 2950 606 3022 nominatos
637 2951 678 3022 ab
716 2953 765 3024 cis
796 2959 931 3047 rogatus
966 2976 1029 3049 pro
1060 2955 1109 3026 eis
1137 2953 1314 3048 subscripsi
1340 2963 1374 3022 et
1403 2954 1562 3024 nominati
1595 2953 1657 3021 tari

226 3076 364 3148 traditos
395 3075 510 3168 vidi†

324 3201 357 3295 †
380 3224 443 3295 ego
465 3201 655 3272 cristoforus
682 3203 768 3273 iilius
796 3203 921 3274 domiui
946 3204 1055 3276 mauri
1078 3205 1198 3275 medici
1222 3213 1355 3298 rogatus
1383 3229 1402 3276 a
1427 3203 1660 3298 suprascriptas

228 3347 384 3420 personas
412 3325 486 3396 testi
512 3325 687 3420 subscripsi
714 3336 747 3399 et
773 3329 984 3422 suprascripti
1008 3327 1071 3398 tari
1099 3327 1235 3400 traditos
1262 3328 1377 3423 bidi†

325 3452 444 3546 †ego
468 3452 595 3547 sergius
624 3453 710 3524 filius
735 3452 862 3524 domini
887 3453 1050 3524 theodosii
1078 3453 1203 3525 tribuni
1222 3463 1357 3548 rogatus
1383 3479 1402 3526 a
1428 3455 1660 3550 suprascriptas

227 3605 383 3674 personas
406 3582 481 3655 testi
506 3582 682 3676 subscripsi
706 3591 740 3654 et
762 3583 973 3676 suprascripti
991 3581 1054 3653 tari
1081 3585 1218 3656 traditos
1240 3583 1357 3678 bidi†

326 3708 357 3803 †
381 3733 444 3804 ego
468 3709 624 3782 iohannes
648 3710 735 3780 filius
759 3709 884 3781 domini
908 3708 1007 3802 sergii
1040 3721 1175 3804 rogatus
1200 3736 1218 3781 a
1248 3713 1480 3807 suprascriptas
1507 3733 1662 3807 personas

228 3840 305 3910 testi
329 3837 503 3932 subscripsi
526 3847 560 3911 et
582 3838 791 3932 suprascripti
814 3835 877 3908 tari
900 3839 1036 3910 traditos
1059 3837 1128 3911 bidi
1142 3829 1178 3932 †¹

329 3961 360 4058 †
396 3986 459 4056 ego
492 3966 664 4060 grfflorius
696 3965 827 4036 curialis
859 3975 934 4060 post
968 3967 1239 4062 subscriptionem
1270 3969 1402 4043 testium
1431 3970 1595 4065 compleri
1630 3981 1663 4042 et

231 4092 358 4164 absolvi
383 4093 435 4165 die
459 4103 492 4165 et
514 4093 690 4167 indictione
713 4095 880 4167 nominata
904 4097 1193 4194 quintadecima†
1512 4071 1515 4082 Ι

808 4495 1054 4534 mme-
