4692 6512
1359 638 1500 734 (tta)

1363 899 1482 971 xxxi.

595 1095 644 1140 ³¹¹·
805 1084 836 1179 †
859 1089 896 1157 ln
918 1087 1050 1158 nomine
1074 1086 1198 1160 domini
1221 1085 1273 1158 dei
1297 1085 1467 1158 salvatoris
1489 1083 1592 1154 nostri
1615 1082 1709 1155 ihesu
1733 1078 1847 1152 christi
1870 1081 2048 1173 imperante
2070 1079 2140 1153 do-

585 1200 663 1263 938.
710 1208 800 1279 nrino
824 1221 936 1281 nostro
960 1212 1169 1282 Constantino
1193 1233 1312 1306 magno
1336 1209 1532 1303 imperatore
1561 1230 1646 1278 anno
1668 1205 1834 1277 tricesimo
1870 1203 1979 1298 primo
2012 1206 2067 1276 sed
2103 1218 2138 1275 et

709 1358 844 1408 romano
868 1359 988 1430 magno
1011 1337 1205 1434 imperatore
1229 1360 1314 1407 anno
1338 1334 1581 1406 ootabodeeimo
1604 1331 1656 1405 die
1679 1330 1891 1402 nonadecima
1914 1329 2035 1400 mensis
2067 1354 2136 1402 no-

708 1464 851 1536 bembris
869 1467 1040 1536 indictione
1057 1466 1248 1537 duodecima
1263 1465 1419 1560 neapolis:
1438 1463 1572 1534 Certum
1588 1471 1636 1532 est
1651 1483 1704 1531 me
1721 1458 1865 1551 sergium
1881 1456 1986 1528 lilium
2003 1457 2135 1551 quidem

708 1592 833 1664 domini
850 1593 968 1664 andree
984 1591 1172 1686 magnifici:
1203 1616 1222 1666 a
1238 1593 1382 1684 presenti
1410 1591 1462 1664 die
1484 1587 1727 1683 promptissima
1742 1584 1910 1654 voluntate
1934 1586 2135 1656 commutavi

707 1723 739 1781 et
768 1713 884 1784 tradidi
912 1714 1005 1784 vohis
1032 1713 1166 1786 domino
1182 1714 1322 1786 iohanne
1338 1712 1533 1785 veneravilis
1553 1711 1650 1781 abbas
1673 1708 1833 1804 presbiter
1855 1709 2043 1780 monasterii
2059 1733 2135 1780 san-

706 1843 835 1905 ctorum
851 1835 991 1907 seberini
1015 1847 1047 1908 at
1070 1837 1151 1908 sossi
1174 1837 1231 1908 ubi
1257 1859 1373 1909 eormn
1393 1835 1590 1908 veneravilia
1613 1833 1785 1930 qtriescunt
1800 1853 1953 1926 corporat
1970 1833 2051 1905 idest
2075 1836 2136 1904 in-

706 1971 836 2055 tegrum
860 1963 1080 2035 curtaniolum
1112 1987 1224 2036 meum
1259 1964 1401 2058 positum
1436 1963 1470 2032 in
1505 1963 1586 2032 ioris
1615 1961 1722 2056 gripta
1745 1961 1781 2032 in
1804 1959 1878 2029 loco
1907 1960 1967 2054 qui
1998 1971 2135 2032 vocatur

706 2110 904 2180 easapagana
934 2087 997 2185 (1).
1024 2113 1101 2163 eum
1125 2090 1294 2162 arboribus
1329 2101 1362 2162 et
1384 2090 1556 2161 introitum
1580 2112 1677 2161 suum
1700 2099 1733 2160 et
1756 2089 1908 2160 omnibus
1933 2089 2000 2159 sivi
2026 2090 2134 2182 perti-

705 2215 877 2285 nentibus:
908 2217 994 2288 unde
1010 2217 1093 2288 nihil
1108 2218 1191 2288 mibi
1207 2218 1324 2289 exinde
1340 2218 1495 2289 remansit
1511 2226 1567 2288 aut
1589 2215 1779 2289 reservavi:
1809 2216 1982 2288 coherente
2005 2217 2069 2286 sivi
2093 2217 2135 2286 ab

703 2359 772 2408 uno
795 2339 895 2409 latere
918 2349 1006 2409 terra
1029 2340 1188 2414 nominati
1214 2339 1315 2411 sancti
1338 2340 1438 2412 vestri
1454 2339 1660 2411 monasterii:
1692 2348 1725 2410 et
1741 2339 1782 2410 ab
1799 2339 1864 2410 alio
1879 2341 1980 2412 latere
1996 2341 2130 2414 coheret

705 2467 758 2536 via
783 2468 933 2562 publiea:
961 2479 994 2540 et
1016 2472 1056 2542 de
1080 2492 1147 2539 uno
1172 2470 1277 2564 capita
1309 2477 1357 2542 est
1387 2469 1500 2541 silica:
1527 2493 1547 2541 a
1570 2491 1651 2541 vero
1674 2467 1740 2541 alio
1764 2467 1894 2564 eapite:
1921 2493 1940 2539 a
1965 2492 2046 2548 vero
2065 2471 2131 2541 alio

783 2823 828 2904 (a)
849 2823 990 2900 Locum,
1013 2825 1067 2886 ubi
1087 2846 1171 2886 nunc
1191 2839 1275 2888 extat
1298 2826 1493 2889 suburbanus
1512 2846 1632 2908 pagus,
1652 2829 1708 2910 qui
1726 2826 1823 2909 vulgo
1841 2827 1928 2889 audit
1946 2829 2135 2907 Foon’grot-

703 2945 759 3002 to,
779 2955 833 3016 per
851 2935 989 2996 inferiora
1009 2936 1127 2999 saecula
1147 2937 1223 2999 adeo
1243 2939 1406 3023 ignobilem
1426 2939 1513 3002 luisse
1527 2941 1669 3004 Claritius
1689 2939 1702 3022 (
1710 2960 1789 3022 pag.
1801 2939 1885 3022 213)
1905 2939 2046 3002 adversus
2066 2940 2137 3002 Ma·

702 3045 838 3106 rachium
858 3047 1062 3126 existimavit,
1084 3064 1119 3111 ut
1138 3049 1227 3112 nulla
1247 3050 1331 3134 apud
1346 3052 1500 3156 scriptores
1520 3052 1612 3134 ipsius
1627 3053 1742 3113 mentio
1757 3050 1997 3134 deprehendatur
2007 3075 2017 3130 5
2036 3053 2140 3134 ipsum

702 3179 776 3222 vero
796 3160 960 3242 paludibus
987 3183 1023 3224 ac
1042 3162 1126 3223 silvis
1138 3163 1272 3228 obsitum
1285 3166 1415 3228 extitisse
1435 3169 1518 3232 visua
1533 3181 1577 3228 est
1589 3165 1649 3226 sibi
1663 3163 1809 3246 colligere
1823 3185 1861 3226 ex
1879 3186 1930 3240 eo,
1945 3164 2028 3250 quod
2043 3185 2138 3247 prae-

704 3271 753 3330 dia
767 3271 916 3356 quaedam
931 3273 1043 3333 ibidem
1061 3275 1156 3354 posita
1174 3277 1208 3335 in
1227 3278 1401 3339 membrana
1421 3277 1552 3338 secundo
1565 3277 1754 3340 Constantini
1775 3299 1854 3343 anno
1869 3279 2036 3359 conscripta
2055 3276 2136 3340 dioe-

704 3383 812 3442 bantur
833 3380 981 3465 paludosa
1002 3405 1037 3444 ac
1052 3383 1220 3464 silvestria,
1242 3408 1298 3448 nec
1311 3387 1375 3449 alio
1389 3390 1469 3448 inter
1483 3409 1513 3448 se
1528 3408 1621 3470 quam
1634 3389 1758 3472 sepibus
1778 3409 1812 3449 ac
1827 3388 1909 3450 sossis
1923 3387 2133 3448 discriminata.

704 3493 782 3552 Cum
806 3506 908 3555 tamen
928 3495 960 3554 in
979 3508 1082 3558 nostro
1100 3499 1161 3560 hoc
1182 3499 1382 3561 instrumento
1398 3497 1489 3562 verba
1504 3497 1581 3559 liant
1601 3497 1639 3558 de
1654 3507 1825 3575 curwneo,
1851 3497 1889 3560 de
1902 3516 2130 3578 casopogana,

705 3603 744 3663 de
769 3606 824 3665 via
837 3605 990 3686 publica,
1016 3608 1142 3695 aliisque
1162 3607 1319 3692 praediis,
1341 3630 1418 3692 quae
1437 3608 1478 3669 ibi
1499 3610 1665 3687 extabant,
1687 3609 1796 3672 locum
1815 3607 1906 3670 illum
1927 3630 1989 3670 oon
2008 3608 2132 3670 omnino
2329 3519 2335 3748 j

703 3719 857 3782 incultum
877 3744 913 3786 aa
932 3721 1114 3806 inhospitum
1134 3724 1222 3786 luisse
1242 3745 1296 3788 nos
1325 3723 1515 3790 arbitramur.
1537 3723 1678 3806 Amplius
1707 3723 1794 3785 nobis
1824 3723 1883 3784 hoc
1912 3721 2017 3783 suadet
2044 3719 2128 3781 aliud

699 3830 830 3892 eiusdem
855 3834 1023 3894 monasterii
1049 3832 1264 3902 documentum
1284 3833 1334 3897 die
1357 3836 1376 3894 8
1397 3834 1573 3916 septembris
1594 3834 1666 3894 anni
1686 3834 1747 3918 985
1768 3831 1953 3910 conditum,
1985 3833 2036 3893 ubi
2055 3831 2130 3892 haec

697 3945 865 4027 leguntur:
888 3949 997 4009 Sr'mul
1012 3951 1113 4029 tetigit
1130 3949 1184 4012 hie
1204 3961 1234 4011 et
1254 3969 1362 4011 omnes
1382 3957 1481 4010 terras
1496 3955 1638 4031 quantita
1657 3957 1687 4008 et
1707 3949 1819 4031 quales
1838 3947 1969 4010 abemus
1989 3957 2024 4008 at
2041 3966 2130 4008 casa-

696 4077 829 4137 pagaraa
850 4062 934 4137 fatris
948 4065 1057 4144 gripta
1077 4085 1133 4125 seu
1157 4076 1189 4126 et
1210 4066 1371 4146 integrum
1401 4081 1554 4144 campum
1578 4062 1616 4123 de
1640 4064 1831 4144 apathomm
1862 4065 1953 4124 iuxta
1980 4073 2129 4123 sacacium
2334 4107 2335 4172 l

699 4171 829 4230 dioclem
845 4193 909 4232 una
930 4195 1005 4239 cum
1024 4185 1107 4236 terra
1126 4187 1233 4238 nostra
1253 4179 1378 4258 integra
1397 4175 1436 4239 de
1449 4187 1589 4258 puteum
1609 4196 1693 4259 aque
1713 4174 1802 4240 bibe.-
1827 4186 1859 4236 et
1882 4195 1956 4237 eum
1976 4185 2128 4237 cumaea
2334 4175 2335 4184 ’

700 4293 807 4342 nostro
826 4283 970 4349 ividem:
990 4295 1022 4346 et
1035 4307 1107 4347 eum
1124 4291 1273 4368 portione
1294 4300 1401 4350 nostru
1421 4289 1459 4350 de
1476 4291 1690 4372 pulmentum.

781 4399 857 4459 Cum
877 4413 1035 4482 praeterea
1056 4403 1233 4466 membrana
1253 4405 1331 4465 haec
1358 4404 1482 4484 gnptae
1494 4447 1504 4479 ‚
1536 4425 1589 4466 seu
1617 4414 1746 4485 cryptae
1776 4405 1960 4468 mentionem
1990 4404 2125 4476 habeat,

700 4507 834 4590 proderit
854 4507 924 4574 heic
944 4512 1143 4592 meminisse,
1166 4515 1251 4596 quod
1268 4517 1323 4580 etsi
1338 4515 1503 4596 antiquiori
1518 4515 1556 4580 ab
1571 4535 1647 4576 aevo
1662 4513 1836 4598 complures
1860 4513 1986 4598 quidem
2000 4526 2127 4597 cryptae

699 4642 796 4704 prope
816 4622 977 4706 Neapolim
1002 4635 1160 4702 extarent,
1188 4625 1253 4686 κατ’
1269 4617 1370 4705 ἐξοχὴν
1390 4638 1493 4686 tamen
1519 4625 1649 4708 simplici
1668 4634 1797 4706 cryptae
1816 4623 2044 4690 nomenclatura
2070 4623 2128 4685 de·

698 4738 797 4800 notari
819 4740 979 4804 consuevit
1001 4759 1058 4818 ea,
1082 4761 1162 4823 quae
1181 4739 1257 4804 olim
1277 4741 1478 4821 neapolitano
1488 4785 1499 4819 ,
1524 4739 1636 4802 dehinc
1657 4761 1729 4803 vero
1754 4740 1930 4822 puteolana
1951 4737 2073 4815 audiit,
2096 4751 2126 4804 el

701 4869 781 4930 quae
805 4852 844 4911 ab
874 4851 1041 4914 architecto
1071 4852 1200 4916 Cocceio
1226 4853 1269 4913 M.
1293 4852 1446 4934 Agrippae
1476 4850 1558 4913 iussu
1587 4853 1741 4928 excitata,
1772 4851 1818 4912 nti
1847 4846 1988 4934 prodidit
2015 4849 2126 4913 Strabo

697 4961 912 5044 (Gangraph.
934 4968 956 5028 I.
981 4965 1064 5046 V.)‚
1086 4963 1249 5029 mirificum
1269 4983 1339 5026 sane
1359 4977 1404 5026 est
1424 4963 1630 5026 Romanorum
1651 4964 1803 5046 potentiae
1824 4974 2068 5025 monumentum.
