4692 6512
491 1338 496 1349 ’
533 1346 586 1396 all.

519 1459 598 1521 945.

1294 646 1437 741 (150)

1317 930 1402 1000 llll.

1249 1185 1369 1256 christe
1392 1185 1478 1254 tave.

752 1316 783 1412 †
811 1319 848 1387 ln
876 1317 1007 1388 nomine
1035 1314 1161 1388 domini
1187 1313 1239 1387 dei
1262 1309 1430 1382 salvatoris
1457 1307 1559 1380 nostri
1576 1306 1666 1380 ihesu
1684 1307 1797 1380 christi
1818 1311 1995 1403 imperante
2013 1313 2080 1382 do·

658 1444 748 1515 mino
776 1455 887 1516 nostro
911 1441 1119 1514 Constantino
1145 1461 1266 1534 magno
1290 1440 1484 1532 imperatore
1513 1457 1598 1506 anno
1624 1435 1788 1506 tricesimo
1814 1435 1952 1528 septimo
1973 1440 2077 1510 sedet

655 1591 792 1640 romano
824 1591 943 1663 magno
965 1567 1161 1660 imperatore
1187 1587 1272 1636 anno
1299 1561 1454 1632 vicesimo
1480 1567 1597 1654 quarto
1624 1557 1677 1631 die
1703 1558 1808 1651 prima
1833 1561 1951 1632 mensis
1977 1567 2077 1659 magii

654 1695 828 1765 indictione
866 1695 961 1764 tertia
998 1693 1126 1787 neapoli
1164 1691 1298 1762 Certum
1326 1696 1374 1762 est
1399 1709 1453 1758 me
1484 1694 1613 1779 petrum
1640 1683 1758 1784 filium,
1778 1685 1911 1779 quidem
1939 1693 2073 1761 stauraci

655 1819 832 1913 primicerii
853 1820 893 1890 de
918 1818 991 1888 loco
1019 1817 1077 1912 qui
1105 1825 1241 1888 vocatur
1265 1811 1372 1884 misna
1400 1809 1566 1884 evitante:
1597 1833 1616 1879 a
1640 1812 1799 1903 praesenti
1822 1813 1876 1884 die
1903 1821 2076 1912 promptis.

655 1947 735 2018 sima
772 1947 939 2020 voluntate
966 1943 1159 2018 venundedi
1197 1950 1229 2013 et
1259 1939 1377 2012 tradidi
1408 1938 1501 2009 vohis
1535 1947 1628 2032 petro
1671 1937 1739 2010 filio
1772 1940 1906 2034 quidam
1932 1945 2077 2039 stephani

653 2073 760 2144 manci
788 2085 820 2143 et
842 2073 927 2144 lucia
951 2071 1015 2140 hoc
1043 2079 1090 2142 est
1114 2068 1236 2161 iugales
1262 2066 1346 2138 ldcst
1371 2064 1497 2157 integra
1526 2085 1589 2136 una
1617 2061 1702 2161 petia
1734 2085 1807 2135 mea
1831 2065 1871 2138 de
1900 2077 1986 2140 terra
2013 2097 2077 2168 que

654 2199 757 2292 posita
780 2198 815 2268 in
831 2165 953 2292 acimpo
990 2199 1029 2269 de
1053 2197 1160 2268 miana
1190 2216 1265 2266 cum
1300 2190 1469 2266 arboribus
1486 2203 1559 2262 'seu
1597 2212 1672 2264 cum
1707 2187 1878 2266 introitum
1914 2218 2010 2272 suum
2045 2213 2077 2274 et

654 2321 803 2393 omnibus
827 2322 890 2393 sivi
906 2319 1139 2414 pertinentibus
1162 2316 1341 2412 pertinente
1361 2315 1444 2388 mihi
1467 2338 1525 2409 per
1544 2323 1754 2409 parentorum
1778 2338 1952 2392 meorum:
1978 2324 2077 2410 Quo.

654 2443 787 2516 hercntc
810 2443 873 2514 sivi
897 2443 936 2512 ab
960 2466 1027 2514 uno
1057 2443 1157 2514 latere
1187 2452 1273 2514 terra
1312 2440 1500 2511 monasterii
1531 2449 1716 2512 sanctorum
1745 2439 1891 2514 nicandri
1922 2456 1955 2518 et
1985 2473 2078 2522 mar-

655 2572 739 2644 ciani
779 2572 959 2666 puellarum
995 2571 1048 2644 dci
1086 2579 1119 2642 et
1152 2569 1277 2641 abella
1302 2570 1549 2663 partecohcret
1582 2580 1668 2640 terra
1704 2569 1841 2644 heredes
1869 2572 2011 2650 hitaliani
2035 2585 2076 2654 de

655 2699 824 2793 liuperga:
861 2709 895 2769 et
919 2722 961 2771 ex
985 2699 1045 2768 alia
1063 2711 1154 2792 parte
1178 2699 1311 2770 coheret
1340 2707 1426 2769 terra
1461 2697 1595 2770 heredes
1618 2697 1688 2769 ursi
1702 2700 1752 2774 de
1775 2699 1864 2796 lupa.
1894 2715 1928 2777 et
1949 2707 1988 2778 ab
2013 2673 2076 2781 alid

656 2825 759 2917 capite
782 2825 914 2896 coheret
939 2833 1023 2896 terra
1046 2823 1190 2918 palumbi
1213 2822 1405 2916 presbiteri:
1444 2822 1484 2893 de
1513 2845 1579 2916 qua
1613 2821 1696 2896 nihil
1718 2821 1801 2896 mihi
1835 2827 1876 2899 de
1910 2832 2075 2906 nominata

654 2949 763 3022 inclita
787 2958 874 3019 terra
897 2947 985 3018 intus
1009 2948 1093 3041 ipsas
1116 2946 1344 3042 quoherentias
1360 2946 1476 3020 exinde
1500 2945 1633 3038 aliquod
1657 2946 1810 3019 remansit
1836 2961 1892 3024 aut
1912 2961 2076 3030 reservavi

654 3098 714 3149 ncc
738 3077 773 3147 in
796 3075 934 3150 alienam
958 3074 1117 3170 cuiusque
1141 3097 1310 3168 personam
1336 3075 1425 3168 quod
1449 3073 1531 3145 absit
1554 3073 1702 3143 commisi
1726 3085 1783 3148 aut
1806 3075 1872 3150 iarn
1899 3087 2075 3158 commune

655 3212 871 3296 potestatem:
897 3211 943 3284 ,et
978 3224 996 3268 a
1019 3198 1180 3292 praesenti
1205 3199 1257 3269 die
1291 3209 1323 3272 ct
1346 3198 1496 3292 deinceps
1520 3199 1741 3289 prenominata
1769 3202 1878 3273 inclita
1910 3209 2075 3280 nominata

653 3330 739 3422 petia
761 3352 833 3399 mea
858 3329 896 3400 de
929 3325 1094 3400 nominata
1129 3334 1307 3420 terraque
1336 3323 1439 3422 posita
1470 3324 1505 3393 in
1532 3347 1647 3418 campo
1683 3327 1724 3400 de
1760 3330 1866 3400 miana
1899 3355 1964 3402 una
1998 3359 2073 3409 cunr

654 3457 824 3527 arboribus
850 3479 910 3528 seu
946 3478 1021 3529 cum
1047 3455 1216 3526 introitum
1241 3477 1337 3525 suum
1367 3461 1399 3524 et
1431 3453 1581 3526 omnibus
1617 3455 1680 3525 sivi
1706 3457 1937 3550 pertinentibus
1970 3464 2075 3556 perti-

652 3591 749 3654 nente
777 3579 858 3654 mihi
875 3603 932 3674 per
959 3589 1168 3673 parentorum
1183 3602 1332 3651 meorum
1355 3580 1440 3650 uude
1458 3579 1540 3650 nihil
1566 3580 1647 3651 mihi
1669 3582 1785 3653 exinde
1816 3586 1969 3656 remansit
1986 3613 2074 3682 qua-

652 3720 745 3778 tenus
769 3731 828 3801 per
851 3706 1032 3778 nominatas
1051 3705 1279 3800 quoherentias
1302 3706 1392 3776 vobis
1418 3731 1454 3776 ea
1489 3706 1651 3780 insinuavi
1678 3710 1760 3782 sicut
1787 3711 1935 3804 superius
1954 3711 2073 3807 legitur

652 3857 750 3906 ame
788 3833 881 3906 vohis
912 3835 952 3904 sit
983 3833 1165 3908 venundata
1194 3841 1227 3902 et
1256 3833 1371 3902 tradita
1400 3834 1433 3902 in
1469 3841 1574 3904 vestra
1604 3833 1781 3931 vestrisque
1809 3834 1982 3909 heredibus
2008 3841 2073 3913 siut

650 3971 841 4056 potestatem
873 3959 1011 4032 habendi
1039 3959 1168 4032 tenendi
1199 3959 1351 4031 vindendi
1394 3960 1527 4052 cedendi
1558 3959 1697 4034 donandi
1725 3966 1945 4038 commutandi
1978 3975 2011 4039 et
2038 3979 2071 4040 at

650 4088 765 4158 vestris
781 4085 955 4159 heredibus
972 4083 1159 4158 dimictendi
1186 4084 1238 4155 vel
1262 4082 1423 4178 quidquid
1439 4083 1556 4154 exinde
1572 4085 1677 4156 lacere
1700 4084 1867 4157 volueritis
1882 4112 1924 4159 av
1940 4090 2074 4164 odierna

650 4212 703 4282 dio
742 4233 867 4303 semper
898 4211 1033 4280 liveram
1073 4210 1191 4282 abeatis
1222 4219 1421 4301 potestatem.
1454 4218 1486 4278 et
1511 4232 1617 4303 neque
1649 4235 1668 4279 a
1699 4234 1751 4283 me
1779 4213 1945 4286 nd'minato
1976 4227 2070 4311 petro

648 4357 756 4428 neque
784 4357 802 4402 a
829 4334 909 4410 meis
934 4331 1107 4404 heredibus
1134 4357 1193 4405 nec
1227 4331 1364 4404 anobis
1399 4355 1550 4425 personas
1576 4335 1759 4408 summissas
1794 4335 1885 4408 nullo
1925 4347 2069 4434 ternpore

648 4483 829 4556 numquam
867 4483 926 4530 vos
967 4459 1134 4531 nominato
1162 4471 1255 4555 petro
1294 4461 1346 4534 cui
1380 4483 1596 4553 supernomen
1627 4485 1742 4533 manco
1770 4474 1803 4536 et
1833 4464 1918 4538 lucia
1949 4466 2072 4562 iugales

649 4597 704 4657 aut
728 4586 843 4658 vestris
878 4585 1050 4658 heredibus
1077 4585 1165 4684 quod
1192 4583 1273 4656 absit
1300 4583 1419 4654 abeatis
1444 4585 1561 4656 exinde
1593 4583 1770 4680 aliquando
1805 4595 1950 4682 tempore
1990 4613 2071 4689 qua·

648 4737 786 4808 cumque
818 4712 1069 4808 requesitionem
1098 4721 1155 4782 aut
1184 4712 1374 4784 molestiae
1402 4735 1488 4789 nunc
1518 4721 1549 4783 et
1579 4713 1615 4784 in
1640 4715 1804 4808 perpetuis
1833 4717 2063 4810 temporibus:

648 4843 782 4936 insuper
812 4842 852 4912 ab
873 4842 964 4914 omni
990 4839 1121 4913 homine
1149 4839 1303 4935 omnique
1326 4863 1463 4937 persona
1500 4841 1760 4937 omnitempore
1789 4868 1850 4938 ego
1875 4859 1908 4918 et
1933 4845 2070 4922 heredes

648 4969 728 5042 meis
752 4975 914 5045 nominata
930 4971 1039 5045 inclita
1064 4981 1151 5044 terra
1178 4993 1254 5043 cum
1274 4969 1425 5044 omnibus
1450 4970 1510 5042 sivi
1539 4972 1770 5067 pertinentibus
1799 4973 1893 5048 sicuti
1917 4997 1977 5070 per
2000 4997 2069 5050 no·
