4616 6532
878 619 999 718 (¹³)

219 782 360 854 tiuncula
384 785 425 855 de
448 775 571 876 caprilo
595 781 630 852 in
653 789 760 853 vestra
784 789 818 854 et
841 781 1015 856 heredibus
1042 781 1158 853 vestris
1186 781 1228 852 ait
1262 789 1433 876 potestates
1458 780 1550 855 Unde
1585 781 1651 852 tri-

216 909 347 980 buimus
370 910 463 982 vobis
487 908 653 982 licentiam
677 911 793 982 avendi
817 911 944 982 fruendi
967 910 1152 1004 possidendi
1168 909 1309 981 donandi
1325 910 1545 983 commutandi
1562 911 1650 983 alie-

215 1037 312 1106 nandi
328 1037 509 1130 vestrisque
524 1035 697 1107 heredibus
717 1037 921 1130 relinquendi
936 1037 1035 1108 etiarn
1051 1036 1211 1108 vendendi
1226 1037 1280 1108 vel
1295 1047 1517 1131 quotcumque
1533 1039 1651 1110 exinde

213 1161 319 1230 facere
343 1159 511 1232 volueritis
535 1159 618 1230 sicut
641 1161 789 1254 superius
810 1160 931 1254 legitur
953 1159 989 1232 in
1010 1167 1117 1232 vestra
1140 1169 1173 1231 et
1188 1158 1362 1232 heredibus
1377 1161 1492 1232 vestris
1516 1160 1558 1230 sit
1581 1183 1649 1254 po-

212 1292 342 1354 testates
366 1292 398 1352 et
421 1307 527 1378 neque
551 1305 657 1354 amme
680 1306 787 1376 neque
810 1305 851 1354 av
875 1281 1026 1354 eredibus
1049 1281 1130 1354 meis
1152 1304 1332 1378 numquam
1352 1281 1489 1354 avebitis
1512 1283 1651 1376 querel-

212 1410 278 1479 lam
302 1419 358 1478 ant
381 1410 542 1480 calumnia
565 1431 625 1480 uos
649 1408 708 1503 qni
731 1430 828 1502 snpra
851 1415 908 1478 aut
930 1407 1047 1480 vestris
1069 1409 1203 1483 heredes
1225 1431 1330 1504 usqne
1353 1411 1389 1480 in
1412 1411 1648 1502 sempiternum

212 1557 329 1607 verum
352 1537 450 1609 etiam
474 1547 556 1632 quot
578 1537 662 1630 apsit
687 1545 719 1608 et
743 1535 853 1606 dibina
876 1545 1000 1608 avertat
1022 1537 1166 1630 potentia
1189 1547 1227 1607 ut
1249 1537 1318 1610 sive
1347 1559 1407 1607 nos
1435 1537 1505 1608 sive
1528 1538 1649 1608 nostris

213 1662 348 1736 heredes
372 1672 485 1734 contra
509 1689 570 1736 auc
597 1689 670 1737 mea
702 1662 889 1736 venditione
917 1663 1079 1736 contrarie
1113 1662 1200 1736 aiere
1235 1662 1436 1735 voluerimus
1467 1683 1649 1753 conponere

211 1810 271 1858 nos
295 1789 516 1880 promittimus
539 1789 613 1861 auri
636 1789 699 1858 tari
722 1797 755 1859 et
778 1788 889 1858 uncias
914 1787 995 1858 duas
1018 1796 1052 1858 et
1074 1788 1221 1880 apsoluta
1243 1809 1328 1879 pena
1350 1797 1384 1856 et
1406 1810 1444 1857 ec
1467 1807 1540 1856 mea
1561 1807 1650 1854 ven·

215 1914 297 1985 ditio
334 1916 427 1986 firma
462 1923 649 2009 permaneat
672 1913 791 2008 scripta
815 1936 875 2006 per
903 1935 1002 2005 rogos
1026 1934 1116 1984 meos
1139 1935 1181 2005 ap
1204 1913 1297 1985 leone
1320 1934 1418 2004 greco
1442 1911 1541 1980 latino
1565 1933 1647 2002 pre-

213 2038 335 2108 sbitero
359 2049 391 2112 et
415 2039 519 2109 scriba
543 2039 684 2110 civitatis
707 2038 781 2109 uius
804 2037 839 2107 in
862 2059 973 2107 mense
996 2047 1029 2108 et
1051 2034 1226 2106 indictione
1248 2034 1465 2128 suprascripta
1477 2032 1648 2127 xv†sr-

213 2184 315 2254 gnum
340 2182 455 2231 manus
478 2160 713 2253 suprascriptus
736 2181 842 2230 vonus
865 2158 924 2252 qui
947 2157 1053 2230 scrive
1076 2158 1205 2251 rogabit
1235 2159 1403 2252 Exempla.

307 2283 492 2380 †signnm
527 2307 643 2356 manus
678 2282 777 2353 atolio
811 2283 865 2354 uir
899 2283 1054 2356 honestus
1078 2281 1147 2354 filio
1178 2283 1292 2356 elierni
1315 2281 1346 2378 †
1368 2283 1498 2378 signum
1530 2307 1646 2356 manus

213 2413 302 2483 dabit
334 2414 386 2483 uir
418 2413 573 2484 honestus
597 2411 665 2482 tilio
695 2410 868 2482 costantini
891 2407 922 2503 †
944 2409 1075 2504 signum
1098 2432 1213 2492 manus
1236 2409 1389 2481 lobannis
1416 2410 1469 2482 vir
1491 2409 1646 2482 honestus

214 2540 282 2610 tilio
305 2540 491 2611 costantini.

305 2669 337 2759 †
360 2667 431 2761 Ego
454 2667 506 2740 leo
530 2665 747 2761 grecolatinus
762 2665 814 2764 (6)
830 2663 1011 2761 presbitero
1036 2675 1068 2739 et
1092 2667 1198 2740 scriva
1221 2667 1362 2740 civitatis
1383 2667 1458 2740 uius
1481 2669 1517 2740 in
1534 2689 1644 2738 mense

211 2801 244 2864 et
267 2791 443 2864 indictione
467 2793 684 2886 suprascripta
707 2793 780 2862 XV.

290 3107 335 3188 (6)
357 3107 427 3169 non
447 3124 558 3187 paucas
579 3104 708 3185 quidem
729 3102 920 3162 membranas
934 3103 1054 3164 Caietae
1074 3123 1091 3164 a
1111 3105 1294 3187 presbyteris
1307 3109 1550 3186 graeco-latinis
1569 3127 1642 3166 con·

211 3215 337 3300 scriptas
359 3215 528 3278 illustravit
547 3215 732 3277 Fridericius
753 3215 788 3274 in
810 3235 901 3296 opere
922 3215 1040 3295 saepius
1061 3235 1078 3275 a
1101 3215 1186 3277 nobis
1205 3218 1238 3276 in
1258 3218 1461 3301 superioribus
1476 3217 1645 3278 adnotatio·

210 3331 300 3391 nibus
321 3329 450 3390 laudato
470 3331 524 3389 De
552 3329 663 3407 Ypatu's
682 3325 844 3388 caietanis.
871 3321 956 3400 Quid
978 3344 1051 3387 vero
1077 3324 1134 3389 sibi
1159 3327 1297 3390 voluerit
1315 3323 1351 3388 ab
1372 3329 1641 3408 graeco-latinus,

208 3445 242 3504 id
263 3443 436 3506 coniectura
457 3443 573 3524 assequi
597 3455 724 3503 conatus
744 3447 1011 3531 est.·Quamquam
1031 3440 1115 3505 enirn
1136 3440 1263 3504 dubium
1284 3439 1340 3503 sibi
1361 3463 1424 3504 non
1446 3458 1538 3520 esset,
1561 3443 1640 3524 quin

207 3556 327 3617 saeculo
336 3557 420 3620 Vlll.
434 3553 605 3636 complures
621 3568 740 3617 nostras
754 3557 928 3640 peqvasisset
940 3555 1116 3640 provincias
1128 3573 1305 3636 graecorum
1319 3553 1409 3630 ritus,
1424 3575 1517 3636 quem
1531 3553 1641 3614 deinde

206 3669 240 3729 iu
271 3687 353 3728 anno
374 3666 440 3748 '968
468 3665 611 3750 Polyecti
638 3641 966 3749 constantinopolitani
993 3665 1186 3746 patriarchae
1211 3664 1345 3726 edictum
1384 3666 1464 3727 iuter
1497 3663 1643 3724 Calabros

207 3775 403 3856 Appnlosque
417 3771 534 3833 firmius
548 3772 774 3850 constabilivit,
797 3771 923 3833 nullum
943 3785 1042 3832 tamen
1057 3771 1177 3832 Caietae
1191 3785 1426 3833 monumentum
1440 3773 1534 3834 ritum
1548 3771 1641 3832 illum

207 3883 259 3946 vel
279 3885 338 3945 bac
359 3885 391 3942 in
413 3884 485 3944 urhe
506 3884 668 3946 obtinuisse
690 3885 866 3944 testabatur.
886 3883 1091 3960 Quamobrem
1112 3883 1164 3964 qui
1183 3885 1217 3942 in
1230 3883 1437 3944 caietanorum
1450 3885 1638 3948 instrumen-

207 4009 309 4054 torum
329 3991 413 4051 calce
434 4009 495 4052 sese
508 3989 701 4072 presbyteras
716 3991 969 4070 graeco-latinos
989 4006 1232 4074 nuncuparunt,
1260 4012 1310 4053 eos
1331 3995 1481 4055 caietanae
1502 3997 1637 4076 cuipiam

208 4101 371 4178 ecclesiae,
394 4119 472 4182 quae
491 4119 631 4180 graecam
652 4092 832 4178 λειτουργίαν
848 4113 1037 4174 sectaretur,
1059 4099 1228 4181 adscriptos
1240 4097 1333 4161 luisse
1352 4101 1440 4161 nullo
1453 4101 1541 4162 modo
1554 4103 1637 4164 affir-

207 4213 350 4274 mandum
370 4213 495 4294 putavit.
510 4213 616 4291 ltaque
628 4211 658 4270 in
672 4231 738 4272 eam
751 4211 806 4270 ivit
824 4212 996 4272 sententiam
1009 4224 1044 4270 ut
1056 4210 1196 4286 ediceret,
1207 4212 1454 4290 graeco-laotos
1467 4213 1636 4298 appellatos

206 4323 321 4382 Caietae
345 4320 436 4382 fuisse
460 4320 667 4403 presbyteros,
701 4320 754 4400 qui
773 4338 811 4381 ex
831 4319 944 4402 Apulia
981 4319 1033 4381 vel
1057 4319 1217 4395 Calabria,
1247 4341 1326 4404 quae
1352 4323 1468 4404 graecis
1492 4327 1636 4407 parebant

206 4435 450 4518 imperatoribus,
473 4451 574 4496 ortum
595 4433 763 4509 ducebant,
794 4447 825 4494 et
842 4431 952 4495 ibidem
972 4434 1059 4496 sacris
1078 4435 1244 4517 inaugurati
1264 4434 1380 4498 fuerant
1400 4437 1569 4515 ordinibus,
1595 4445 1635 4502 ita

208 4561 242 4604 nt
263 4559 355 4607 essent
373 4545 458 4606 latini
478 4543 600 4626 quidem
619 4542 719 4624 quoad
739 4545 890 4627 patriam,
921 4547 1020 4626 graeci
1040 4567 1111 4608 vero
1131 4547 1231 4630 quoad
1262 4548 1423 4628 ditionem,
1454 4551 1502 4610 cui
1528 4553 1637 4612 subditi

208 4670 300 4716 erant.

289 4765 368 4826 Cum
388 4765 473 4827 nobis
492 4767 549 4826 hac
568 4763 703 4848 opinione
722 4763 798 4825 nihil
817 4763 1031 4828 verosimilius
1052 4765 1158 4828 afferre
1178 4767 1267 4828 liccat
1278 4811 1287 4842 ,
1312 4767 1406 4850 ipsam
1427 4789 1543 4850 prorsus
1568 4791 1635 4829 anr-

208 4873 396 4957 plectendam
415 4877 613 4937 existimamus
633 4874 671 4935 ad
691 4874 909 4956 explanandam
929 4895 1032 4938 vocem
1049 4876 1327 4956 graeco-latinus,
1351 4879 1474 4958 quaein
1495 4881 1636 4960 praesenti

209 4996 306 5042 nostro
326 4982 555 5068 deprehenditur
574 4986 773 5046 instrumento.
