4658 6508
1307 653 1318 748 (
1344 659 1386 723 ⁸4
1412 652 1425 749 l

658 834 758 908 quam
783 815 929 886 lecerunt
952 811 1123 884 ursinanus
1147 810 1283 883 clericus
1308 811 1393 880 filius
1417 808 1602 880 sermosaci.
1643 815 1675 880 et
1698 803 1869 876 ursnaldus
1893 801 1978 873 tilius
2001 799 2087 893 giti-

658 939 744 1009 tiuli.
771 939 811 1010 ad
834 960 953 1008 nomen
977 935 1148 1006 iohannaci
1165 934 1223 1004 lilii
1238 933 1420 1006 icrmosaci.
1447 933 1587 1004 secunda
1613 926 1801 1000 abscisionis
1819 925 1867 1021 (t)
1885 947 1985 1020 quam
2010 925 2085 996 lecit

658 1060 830 1153 stephanus
855 1059 940 1130 tilius
964 1060 1108 1152 gregorii
1132 1060 1173 1130 ad
1197 1080 1318 1128 nomen
1340 1055 1511 1128 memorati
1534 1054 1605 1148 lupi
1628 1051 1769 1147 genitori
1792 1059 1825 1123 et
1840 1050 1944 1121 soceri
1960 1049 2083 1120 nostri:

655 1208 716 1278 pro
740 1209 781 1257 eo
804 1188 894 1281 quod
911 1187 944 1256 in
961 1187 1101 1281 presenti
1119 1187 1304 1280 accepimus
1329 1211 1348 1255 a
1368 1197 1400 1258 te
1417 1185 1535 1256 exinde
1552 1183 1712 1276 integram
1728 1190 1872 1251 nostram
1887 1177 2085 1248 sanationem

651 1311 716 1383 hoc
740 1321 787 1385 est
803 1316 875 1385 auri
899 1315 961 1385 tari
986 1315 1125 1386 nobem:
1153 1325 1190 1385 ut
1213 1314 1298 1386 inter
1321 1313 1414 1384 nobis
1431 1311 1620 1384 combenit:
1647 1309 1681 1382 Si
1704 1316 1813 1380 sutem
1829 1307 1919 1400 quod
1941 1303 2086 1378 divinam

655 1438 780 1511 abortat
804 1441 948 1534 potentia
970 1463 1031 1510 nos
1055 1440 1109 1512 vel
1130 1440 1266 1511 heredes
1289 1439 1407 1509 nostris
1431 1438 1549 1533 quovis
1572 1447 1719 1529 tempore
1742 1443 1855 1503 contra
1878 1431 1962 1502 banc
1985 1431 2087 1501 char-

650 1567 752 1638 tulam
777 1569 974 1640 venditionis
997 1579 1034 1638 ut
1058 1593 1156 1662 super
1191 1568 1311 1662 legitur
1345 1567 1457 1639 venire
1492 1566 1762 1660 presumserimus
1794 1573 1827 1634 ct
1858 1561 1995 1632 minime
2020 1563 2085 1632 ad-

652 1687 901 1782 impleverimus
924 1691 985 1760 bec
1002 1692 1112 1761 omnia
1129 1701 1308 1762 memorata
1332 1714 1391 1784 per
1414 1689 1561 1784 quolibet
1577 1689 1711 1758 modum
1732 1695 1788 1755 aut
1808 1684 1989 1756 summissis
2002 1707 2086 1778 per-

655 1815 743 1884 sonis
760 1825 837 1885 tunc
860 1817 1088 1908 componimus
1112 1818 1172 1886 tibi
1196 1817 1326 1912 tuisque
1341 1815 1514 1888 heredibus
1538 1816 1610 1886 auri
1626 1814 1746 1886 solidos
1762 1813 1935 1885 duodecim
1950 1812 2087 1906 bytian-

656 1947 736 2008 teos.
775 1949 808 2008 et
830 1937 891 2009 bec
915 1939 1062 2009 chartula
1087 1941 1281 2012 venditionis
1307 1951 1342 2010 ut
1365 1963 1462 2034 super
1495 1940 1616 2032 legitur
1650 1940 1692 2011 sit
1727 1940 1847 2010 firma:
1884 1937 2003 2031 scripta
2026 1959 2086 2031 per

653 2085 789 2134 manum
814 2065 932 2135 andrea
957 2066 1088 2135 curialis
1111 2076 1144 2134 et
1168 2065 1354 2135 scriniarius
1377 2087 1436 2157 per
1452 2073 1629 2134 memorata
1653 2087 1738 2134 nona
1760 2062 1936 2136 indictione
1960 2058 1991 2153 †

749 2191 812 2260 hoc
844 2193 976 2284 signum
1001 2191 1032 2286 †
1056 2215 1172 2262 manus
1196 2191 1372 2264 memorati
1397 2191 1546 2261 iohannis
1575 2201 1609 2263 et
1645 2190 1810 2264 benefacto
1840 2193 1963 2285 iugales
1992 2196 2081 2288 quod

661 2340 724 2413 ego
747 2320 806 2412 qui
830 2339 1029 2390 memoratos
1052 2344 1113 2414 pro
1137 2322 1185 2392 eis
1207 2318 1381 2411 subscripsi
1406 2325 1439 2388 et
1462 2319 1633 2390 memorati
1657 2319 1720 2388 tari

751 2443 876 2539 †Ego
900 2449 1071 2540 gregorius
1095 2448 1180 2518 tilius
1204 2429 1328 2518 domini
1353 2445 1482 2517 decibili
1505 2457 1638 2539 rogatus
1662 2469 1679 2514 a
1704 2446 1939 2540 suprascriptos
1961 2447 2084 2541 iugales

656 2573 730 2643 testi
755 2573 928 2666 subscripsi
953 2586 986 2645 et
1008 2575 1263 2668 suprascriptum
1286 2573 1427 2666 pretium
1449 2574 1605 2644 confiteor
1628 2570 1856 2666 percepisse†

748 2698 779 2794 †
802 2702 873 2794 Ego
896 2701 1053 2773 iohannes
1077 2701 1162 2772 filius
1186 2701 1310 2771 domini
1334 2701 1484 2773 theodori
1508 2699 1631 2769 tribuni
1654 2709 1786 2792 rogatus
1809 2726 1829 2771 a
1849 2703 2082 2795 suprascriptos

654 2826 778 2920 iugales
803 2827 875 2897 testi
899 2827 1073 2922 subscripsi
1096 2836 1129 2897 st
1151 2827 1408 2920 suprascriptum
1433 2830 1575 2922 pretium
1591 2829 1747 2898 confiteor
1763 2827 1991 2921 percepisse†

746 2954 872 3047 †Ego
896 2951 1052 3023 iohannes
1075 2950 1205 3022 curialis
1228 2961 1362 3042 rogatus
1385 2975 1404 3019 a
1428 2959 1625 3020 memoratos
1649 2949 1773 3043 iugales
1798 2951 1870 3022 testi
1905 2952 2082 3048 subscripsi

657 3088 689 3150 et
711 3089 931 3152 memoratum
953 3081 1096 3173 pretium
1121 3079 1278 3150 confiteor
1301 3077 1528 3172 percepisse†

747 3208 778 3302 †
802 3211 874 3299 Ego
899 3207 1018 3277 andrea
1041 3206 1172 3276 curialis
1197 3217 1229 3277 et
1253 3205 1440 3275 scriniarius
1465 3205 1627 3302 complevi
1652 3216 1684 3278 et
1709 3207 1833 3279 absolvi
1858 3209 1910 3281 die
1933 3216 1966 3281 et
1990 3211 2083 3284 indi-

652 3338 759 3410 ctione
782 3341 962 3404 memorata
985 3328 1117 3426 nona†

650 3653 730 3715 idem
752 3653 947 3716 blabillonius
967 3653 1115 3729 edixerat,
1138 3668 1231 3714 totam
1252 3654 1426 3715 eorumdem
1445 3657 1718 3716 instrumentorum
1743 3653 1957 3716 confectionem
1979 3654 2079 3714 deberi

653 3763 795 3825 adfirmat
815 3764 1045 3843 tabellionibus,
1068 3779 1119 3826 sut
1138 3767 1238 3848 potius
1258 3763 1420 3840 formulis,
1442 3785 1515 3848 quas
1528 3766 1582 3846 ipsi
1603 3779 1849 3845 corrogaverant,
1871 3787 1906 3826 ac
1926 3767 1957 3824 in
1977 3785 2080 3847 pront-

651 3891 706 3960 ptu
725 3877 885 3939 habebant.
906 3879 988 3940 Hinc
1007 3880 1072 3938 iure
1099 3899 1134 3938 ac
1154 3879 1260 3939 merito
1280 3879 1431 3939 existimat
1451 3878 1642 3938 barbaricum
1662 3876 1743 3938 illud
1764 3899 1799 3938 ac
1820 3875 1894 3938 rude
1916 3875 2079 3938 admodum

651 3985 802 4067 loquendi
822 4007 942 4068 genus,
963 3985 1046 4068 quod
1072 3989 1105 4048 in
1129 3985 1302 4048 huiusmodi
1322 3989 1393 4048 actis
1413 3989 1566 4063 occurrit,
1593 4008 1653 4047 non
1678 3986 1923 4047 contrahentibus
1942 3985 2079 4048 tribuen-

651 4097 725 4155 dum
746 4118 827 4170 esse,
850 4096 903 4157 sed
931 4097 1170 4173 tabellionibus,
1193 4098 1248 4177 qui
1268 4117 1337 4158 cum
1364 4097 1457 4157 nullis
1479 4097 1602 4157 omnino
1622 4097 1715 4157 literis
1736 4111 1832 4157 essent
1851 4091 1982 4170 imbuti,
2017 4116 2079 4157 non

650 4209 738 4266 modo
759 4207 950 4267 abnormibus
969 4227 1003 4266 ao
1025 4207 1179 4268 salebrosis
1208 4211 1269 4268 suis
1298 4208 1502 4269 locutionibus
1530 4221 1597 4267 scta
1628 4205 1829 4283 referserunt,
1862 4207 2079 4269 verumetiam

650 4321 763 4401 priscae
783 4317 1035 4400 iurisprudentiae
1055 4319 1226 4396 formulas,
1257 4341 1335 4402 quae
1355 4320 1523 4403 plurimum
1544 4317 1709 4403 elegantiae
1730 4318 1991 4404 praeseferebant„
2013 4317 2077 4379 foe-

650 4431 726 4493 diori
746 4431 879 4514 quadam
899 4434 1061 4494 rusticitate
1088 4455 1125 4494 ac
1149 4434 1329 4495 soloecismis
1360 4435 1495 4496 omnibus
1521 4437 1725 4517 inquinarunt.

730 4545 776 4628 (α)
798 4543 880 4605 Licet
900 4543 1120 4606 abscessionem
1139 4544 1305 4629 aliqnando
1325 4567 1382 4630 pro
1401 4549 1561 4623 cessione,
1590 4549 1652 4608 sive
1672 4547 1880 4626 resignatione
1900 4558 2074 4628 usurpatam

650 4654 775 4733 Caugius
796 4651 924 4729 doceat,
955 4673 1006 4712 nos
1025 4668 1122 4715 tamen
1134 4655 1204 4717 heic
1223 4654 1404 4716 charolum
1424 4655 1622 4716 abscessionis
1643 4677 1703 4716 non
1722 4655 1807 4716 aliud
1826 4655 1968 4716 denotare
1982 4653 2075 4714 credi-

649 4785 739 4839 mus,
761 4785 854 4844 quam
874 4767 1130 4843 instrumentum,
1152 4787 1214 4849 quo
1234 4787 1285 4828 sex
1301 4767 1418 4852 praedii
1433 4771 1537 4830 uncias
1551 4771 1655 4830 loanni
1675 4790 1709 4830 ae
1722 4769 1895 4831 Benefactae
1916 4767 2075 4830 tradiderat

648 4895 750 4935 eorum
769 4878 889 4956 genitor
910 4898 946 4937 ac
967 4898 1049 4941 socer
1070 4880 1174 4960 Lupus
1193 4877 1344 4939 abscissas
1363 4899 1381 4938 a
1402 4878 1528 4940 totidem
1554 4879 1620 4941 aliis
1645 4881 1765 4956 unciis,
1796 4901 1872 4961 quas
1902 4877 1984 4942 idem
2009 4877 2074 4938 Lu·

650 5007 705 5068 pus
725 4985 922 5068 vendiderat,
945 4991 989 5050 uti
1010 4991 1180 5052 membrana
1202 4992 1267 5074 ipsa
1288 4993 1319 5054 in
1338 4989 1537 5054 describendis
1558 4991 1668 5054 finibus
1690 5007 1823 5055 testatur.
