4692 6512
571 1174 621 1223 nn.

554 1282 636 1346 942.

1314 578 1458 678 (rae)

1285 869 1461 941 xxxvii.

1284 1126 1410 1200 Christe
1434 1129 1519 1199 lave.

784 1257 824 1326 lu
848 1255 970 1327 nornine
993 1255 1114 1326 domini
1137 1253 1188 1324 det
1211 1252 1379 1324 salvatoris
1402 1253 1503 1323 nostri
1527 1250 1619 1323 ihesu
1642 1245 1755 1319 christi
1778 1249 1957 1342 imperante
1972 1249 2112 1324 domino

688 1391 799 1452 nostro
823 1380 1017 1454 Costantino,
1034 1403 1154 1474 magno
1178 1380 1373 1472 imperatore
1397 1401 1482 1448 anno
1506 1377 1670 1448 tricesimo
1694 1385 1812 1470 quarto
1837 1379 1893 1449 sed
1917 1389 1950 1450 et
1973 1401 2110 1452 romano

688 1529 808 1601 magno
831 1506 1027 1600 imperatore
1052 1526 1136 1574 anno
1160 1503 1317 1574 vicesimo
1340 1502 1448 1596 primo
1472 1501 1524 1573 die
1550 1499 1700 1572 vicesima
1725 1512 1815 1570 sexta
1842 1502 1960 1573 mensis
1979 1506 2108 1597 augusti

686 1632 861 1703 indictione
895 1629 1132 1725 quintadecima
1166 1627 1337 1720 neapolis:
1381 1628 1484 1696 Horta
1526 1637 1573 1698 est
1607 1625 1716 1720 itaque
1751 1625 1889 1698 intentio
1924 1625 2008 1698 inter
2042 1651 2103 1698 nos

685 1767 814 1850 petrum
839 1755 997 1827 humilem
1020 1753 1233 1848 presbiterum
1258 1761 1291 1824 et
1314 1750 1427 1822 abbate
1450 1749 1638 1822 monasterii
1670 1749 1846 1822 beatissimi
1880 1751 2016 1822 ianuarii
2046 1776 2105 1822 sa-

683 1885 820 1956 cerdotis
859 1892 893 1954 et
928 1882 1040 1954 christi
1063 1881 1205 1952 martiris
1241 1903 1298 1952 seu
1322 1879 1498 1972 agrippinis
1529 1878 1720 1950 confessoris
1749 1876 1862 1950 christi
1893 1879 1993 1951 situm
2026 1883 2105 1952 loris

683 2011 722 2084 ad
746 2031 864 2102 corpm
896 2007 966 2104 (1):
1003 2019 1034 2078 et
1063 2017 1095 2078 tc
1119 2005 1267 2078 videlicet
1297 2004 1448 2098 campulo
1480 2003 1548 2076 filio
1582 2001 1716 2098 quidem
1749 2001 1873 2076 domini
1897 2003 2049 2076 iohannis
2074 2022 2106 2080 at

759 2455 807 2539 (1)
826 2457 998 2539 Hospitium
1019 2478 1099 2518 nunc
1119 2453 1213 2538 sulm
1234 2456 1271 2516 ob
1292 2475 1439 2539 pauperes
1453 2475 1556 2529 senes,
1574 2473 1650 2534 quos
1664 2449 1788 2514 alendos
1810 2452 1944 2534 excipit,
1966 2452 2106 2535 appella·

680 2571 745 2626 t'um
766 2571 798 2627 S.
823 2569 976 2628 Gennaro
996 2564 1192 2641 de’Poverc',
1214 2565 1289 2626 olim
1309 2565 1368 2625 suit
1387 2565 1620 2639 monasterium,
1643 2561 1681 2622 de
1712 2581 1775 2644 quo
1801 2580 1940 2643 praesens
1968 2552 2101 2624 nostrum

676 2680 910 2741 instrumentum
931 2677 1067 2741 loentum
1087 2692 1140 2740 est.
1162 2679 1315 2740 Prioribus
1336 2700 1352 2740 a
1373 2677 1494 2738 Christo
1519 2689 1588 2738 nato
1614 2674 1744 2738 saeculis
1771 2674 1812 2736 ibi
1838 2693 1901 2736 non
1927 2675 2009 2736 aliud
2029 2697 2098 2737 sane

677 2791 797 2853 extabat
827 2811 921 2871 quam
953 2791 1050 2853 aditus
1081 2793 1285 2866 coemeterii,
1317 2791 1403 2875 quod
1424 2795 1502 2853 inter
1531 2789 1780 2874 praestantissima
1810 2791 1985 2872 primaevae
2013 2789 2099 2852 Reli·

676 2900 771 2980 gionis
791 2900 975 2964 Christianae
994 2917 1189 2964 monumenta
1208 2902 1292 2964 nobis
1311 2915 1450 2985 superest.
1466 2903 1594 2964 ineunte
1613 2921 1705 2983 porro
1726 2900 1845 2964 saeculo
1866 2905 1906 2965 V.
1928 2901 2102 2984 neapolita-

674 3034 731 3076 nus
754 3014 914 3098 episcopus
935 3034 997 3077 non
1018 3015 1144 3098 quidem
1164 3017 1195 3079 S.
1209 3015 1357 3092 Severus,
1374 3029 1409 3074 ut
1423 3033 1580 3098 perperam
1595 3011 1793 3095 prodiderunt
1806 3013 1900 3074 buius
1920 3015 2018 3075 sancti
2035 3018 2101 3075 dn·

673 3125 775 3188 tistitis
794 3123 1000 3189 translationis
1020 3128 1127 3201 Aeta,
1142 3123 1192 3186 sed
1207 3125 1352 3202 loannes,
1375 3123 1634 3206 quemadmodum
1658 3123 1906 3186 luculentissimis
1934 3145 2099 3208 argumen-

675 3235 713 3296 tis
749 3234 895 3316 patefecit
927 3234 1053 3294 Alexius
1084 3233 1237 3297 Pelliccia
1268 3235 1459 3296 blaaochium
1490 3249 1607 3296 secutus
1636 3237 1722 3318 (Da
1745 3235 1854 3300 christ.
1884 3237 1974 3298 Ech.
2004 3239 2098 3318 polit.

670 3369 706 3426 ρ.
725 3347 795 3407 ΙΙΙ.
810 3356 830 3405 t.
851 3349 896 3408 II.
912 3343 1030 3406 dissert.
1053 3349 1093 3406 V.
1111 3346 1144 3429 5
1164 3351 1227 3410 IV.
1242 3345 1273 3430 )‚
1297 3367 1388 3432 prope
1408 3350 1510 3428 ipsum
1531 3348 1749 3409 Coemeterium
1763 3347 2020 3411 exaedificandum
2042 3371 2099 3411 cu·

673 3462 753 3524 ravit
773 3459 945 3523 aediculam
965 3481 1001 3523 ac
1021 3476 1265 3539 mouumentum,
1288 3482 1351 3542 quo
1381 3461 1411 3521 S.
1431 3461 1566 3522 Ianuarii
1593 3481 1699 3545 corpus
1728 3475 1909 3522 asservatum
1930 3460 1997 3524 suit.
2018 3465 2096 3526 Hine

672 3595 733 3635 non
754 3571 844 3634 modo
864 3575 1096 3652 coemeterium,
1111 3595 1218 3637 verum
1242 3589 1273 3636 et
1300 3587 1438 3636 extructa
1465 3573 1508 3634 ibi
1538 3574 1663 3638 ecclesia
1691 3573 1863 3656 nuncupari
1877 3573 1975 3656 vulgo
1995 3579 2097 3656 coepit

672 3691 702 3747 S
717 3685 871 3748 Ianuarii
889 3686 937 3748 ud
951 3707 1090 3769 coqnus,
1113 3702 1166 3751 aut
1188 3687 1227 3749 de
1247 3687 1352 3768 fhris,
1388 3702 1440 3750 aut
1464 3687 1557 3750 simul
1584 3686 1624 3749 de
1646 3685 1733 3761 foris
1754 3685 1803 3748 ad
1824 3706 1961 3768 corpus,
1986 3685 2096 3769 quibua

669 3797 841 3860 nominibus
862 3800 972 3881 passim
994 3797 1159 3861 denotatur
1178 3813 1244 3861 tum
1265 3799 1299 3860 in
1320 3797 1471 3860 veteribus
1493 3798 1625 3877 chartis,
1647 3812 1713 3858 tum
1733 3799 1764 3858 iu
1778 3797 1956 3860 Antistitum
1978 3818 2095 3882 neapo·

668 3909 831 3973 litanorum
852 3911 1001 3975 Chronico
1012 3952 1022 3985 ‚
1044 3910 1128 3991 quod
1151 3912 1272 3970 loannes
1292 3909 1446 3972 Diaconus
1465 3911 1614 3973 exaravit.
1636 3911 1753 3971 Verum
1774 3908 1858 3970 idem
1878 3909 1931 3969 hic
1951 3910 2094 3971 Chrono-

667 4022 797 4102 grapbus
808 4021 838 4079 iu
851 4021 976 4080 Victore
990 4018 1088 4080 eidem
1102 4017 1243 4081 ecclesiae
1256 4017 1364 4079 tribuit
1377 4016 1480 4080 titulos
1494 4023 1527 4078 S.
1540 4018 1868 4094 tenuerittcnuerit,
1881 4031 1914 4078 et
1928 4021 1960 4080 S.
1969 4021 2095 4098 Agrip-

661 4133 739 4210 pr'm'
751 4129 950 4204 confessoris.
966 4133 1153 4212 Quanquam
1168 4151 1205 4192 err
1218 4130 1393 4192 huiusmodi
1408 4130 1619 4215 appellatione
1630 4130 1715 4211 argui
1728 4143 1820 4211 queat
1833 4149 1925 4190 unam
1940 4129 2095 4191 eamdem·

668 4261 729 4323 que
750 4238 855 4301 aedem
875 4239 1010 4302 dicatam
1030 4240 1121 4302 fuisse
1141 4241 1228 4322 prius
1248 4241 1375 4323 quidem
1397 4241 1428 4302 S.
1443 4243 1606 4317 Ianuario,
1629 4239 1697 4300 dein
1719 4259 1793 4302 vero
1814 4241 1906 4302 etiam
1926 4240 1957 4301 S.
1977 4241 2092 4322 Agrip-

665 4355 756 4436 pino,
778 4351 863 4414 cuius
884 4354 957 4416 item
969 4350 1094 4430 λείψανα
1116 4367 1294 4435 exceperat,
1319 4354 1401 4417 idem
1423 4370 1522 4418 tamen
1539 4352 1671 4416 Pellicia
1688 4352 1836 4416 Mazochii
1854 4353 2020 4414 sententiae
2034 4353 2092 4413 ad-

666 4464 829 4547 stipulatus
849 4464 935 4526 binas
956 4466 1045 4528 fuisse
1066 4465 1209 4528 ecclesias
1230 4465 1394 4529 arbitratur
1415 4467 1426 4550 (
1447 4470 1467 4528 l.
1492 4489 1522 4529 c.
1545 4465 1568 4549 ).
1582 4467 1762 4549 Utcumque
1782 4485 1845 4528 sese
1865 4485 1912 4528 res
1933 4464 2087 4540 habuerit,

666 4572 826 4636 indubium
847 4573 978 4656 quidem
998 4587 1043 4636 est
1056 4571 1230 4655 Neapolitas
1249 4575 1405 4638 universos
1425 4597 1462 4638 ac
1483 4577 1630 4639 finitimas
1651 4589 1751 4658 gentes
1773 4587 1968 4636 memoratam
1989 4572 2091 4635 eccle·

665 4687 742 4748 aiam
761 4682 1058 4746 honorificentissimo
1079 4682 1167 4743 cultu
1190 4694 1365 4762 prosecutos
1387 4681 1498 4760 luisse,
1510 4697 1546 4746 nt
1560 4682 1599 4744 ab
1614 4681 1718 4746 eodem
1731 4681 1881 4748 Pelliecia
1898 4683 1992 4745 fusius
2006 4681 2090 4745 edis·

664 4797 779 4858 seritur.
793 4794 871 4857 Cum
892 4808 994 4856 tamen
1014 4813 1094 4853 anno
1114 4794 1172 4853 818
1195 4791 1428 4853 beneventanus
1448 4789 1599 4875 Princeps
1618 4793 1689 4856 Sico
1709 4793 1872 4875 abreptum
1894 4793 1965 4856 inde
1985 4795 2016 4858 S.
2040 4797 2090 4857 la·

664 4908 762 4970 nuarii
780 4926 890 4991 corpus
910 4909 1118 4971 benetentum
1140 4903 1316 4985 detulisset,
1339 4902 1457 4968 iactum
1477 4919 1521 4968 est
1541 4917 1575 4968 ut
1595 4905 1722 4989 pristina
1735 4904 1893 4970 hominum
1920 4906 2089 4990 frequentia
