4692 6512
887 590 1031 694 (sss)

233 747 321 816 mine
345 745 538 842 stephanum
561 758 593 818 et
625 746 815 820 eimminum
848 747 954 822 thium
978 759 1010 823 ct
1033 757 1151 846 nepotc
1175 750 1214 824 de
1250 750 1417 822 nominato
1441 751 1514 822 loco
1546 752 1655 846 pirum

231 871 397 944 territorio
422 871 584 946 liburiano
607 897 672 946 uua
696 897 771 948 curn
795 876 953 950 uxoribus
977 885 1009 950 et
1033 877 1106 950 liliis
1130 877 1256 952 filiabus
1288 901 1391 950 nurus
1423 888 1520 974 atque
1550 903 1659 974 nepo-

227 1245 399 1308 cerrsilibus
413 1290 423 1323 ,
445 1267 575 1331 qnorum
589 1249 786 1312 conditionem
800 1249 839 1312 ad
858 1251 967 1313 liberos
987 1253 1120 1312 homines
1135 1255 1285 1312 accessisse
1304 1249 1400 1332 liquet
1414 1269 1450 1310 ex
1464 1247 1568 1309 eodem
1584 1248 1656 1308 Mu-

224 1358 337 1417 ratorio
358 1357 459 1439 (tom.
479 1361 524 1419 tt.
544 1357 663 1420 dissert.
684 1361 863 1422 XXXVI.
880 1371 901 1441 ).

308 1469 348 1528 ll.
373 1467 711 1549 commenditum,
734 1489 865 1550 quorum
884 1468 973 1530 etiam
992 1469 1129 1530 meminit
1147 1469 1221 1530 haec
1236 1469 1427 1548 membrana,
1446 1469 1567 1550 quinam
1586 1467 1653 1528 sue-

222 1577 303 1649 rint,
329 1589 429 1636 nostra
454 1575 604 1636 adnotatio
618 1575 663 1660 (7)
678 1595 745 1659 pag.
760 1577 799 1638 63
824 1578 934 1638 innuit.
949 1579 1066 1638 Horum
1080 1575 1203 1659 quidem
1217 1576 1417 1639 conditionem
1437 1575 1518 1660 apud
1539 1597 1591 1636 nos
1615 1575 1653 1634 ab

220 1686 399 1768 hospitibus
418 1708 479 1748 non
495 1686 674 1771 discrepasse
689 1691 794 1752 coniici
818 1707 916 1774 posset
940 1713 976 1754 ex
994 1711 1050 1768 eo,
1073 1689 1157 1774 quod
1182 1691 1214 1750 in
1239 1690 1296 1750 hoe
1315 1688 1494 1751 documento
1519 1690 1652 1770 utrisque

219 1794 325 1858 eadem
345 1799 431 1875 iura,
454 1799 665 1880 possessiones,
688 1819 851 1882 censusque
867 1800 1045 1862 tribuantur.
1061 1799 1177 1862 Verum
1191 1819 1262 1860 curn
1276 1797 1412 1860 distincte
1428 1811 1650 1874 memorentur,

219 1907 407 1990 opinandum
435 1923 479 1972 est
504 1911 581 1972 inter
609 1925 750 1992 utrosque
775 1909 891 1993 aliquid
916 1909 1090 1972 discriminis
1114 1911 1330 1988 intercessisse,
1361 1910 1443 1994 quod
1467 1908 1596 1994 prolecto
1620 1909 1651 1968 in

217 2025 326 2084 maiori
351 2023 510 2098 libertate,
531 2045 594 2107 qua
618 2044 689 2107 prae
703 2023 878 2106 hospitibus
899 2023 1087 2086 commenditi
1102 2023 1294 2106 gaudebant,
1317 2023 1507 2086 statuendum
1521 2044 1580 2086 esse
1594 2043 1649 2083 no-

215 2137 262 2196 bis
278 2136 406 2197 videtur.
421 2137 462 2197 At
476 2139 615 2218 quamvis
630 2135 763 2221 amplius
777 2136 837 2196 boc
852 2133 997 2196 libertatis
1016 2134 1120 2196 iisdem
1134 2135 1318 2218 impertitum
1341 2132 1429 2196 fuisse
1449 2132 1612 2207 ducamus,
1632 2155 1648 2192 e

215 2248 375 2308 Muratorii
400 2261 501 2308 tamen
518 2248 661 2310 sententia
685 2265 876 2328 nequaquam
903 2244 1100 2319 discedimus,
1121 2247 1175 2328 qui
1197 2243 1343 2327 (dissert.
1365 2242 1490 2326 XV),
1524 2257 1647 2304 testatur

213 2354 445 2418 commenditos
465 2355 576 2418 liberos
592 2354 715 2438 quidem
729 2355 862 2416 homines
877 2352 986 2423 luisse,
1007 2353 1057 2415 sed
1072 2375 1088 2414 e
1102 2367 1244 2435 potestate
1259 2354 1343 2432 eius,
1366 2355 1413 2412 cui
1434 2373 1493 2412 sese
1511 2354 1550 2412 ob
1565 2353 1647 2413 effla-

214 2470 343 2548 gitatum
369 2470 569 2551 patrocinium
593 2468 806 2549 devinperant,
827 2469 947 2528 omnino
972 2467 1061 2528 eximi
1084 2465 1167 2528 haud
1185 2467 1313 2550 potuisse
1325 2509 1335 2544 ,
1357 2467 1414 2528 nisi
1429 2464 1646 2548 dominnsipse

216 2577 378 2640 annuisset.

296 2692 349 2753 lli,
373 2690 463 2769 Quod
490 2690 621 2772 denique
646 2689 685 2750 ad
710 2709 841 2752 censum
868 2687 1184 2752 consuetudinarium
1208 2690 1337 2766 attinet,
1356 2687 1440 2748 buno
1465 2707 1524 2747 non
1550 2685 1645 2749 alium

210 2802 299 2862 fuisse
315 2799 496 2866 arbitramur
511 2820 604 2881 quam
620 2800 673 2881 qui
688 2797 770 2880 apud
786 2799 933 2880 Congium
948 2819 1061 2862 census
1073 2810 1308 2866 corutumorum
1322 2841 1333 2874 ,
1356 2796 1408 2860 vel
1428 2801 1568 2860 rssau'cus
1587 2819 1644 2862 vo-

210 2927 323 2988 catur,
345 2934 381 2976 ac
397 2925 469 2974 teste
483 2912 588 2972 eodem
604 2911 811 2972 laudatissimo
825 2911 1036 2996 lexicographo
1060 2911 1117 2974 tuis
1132 2913 1329 2992 praestatio,
1351 2930 1436 2992 quas
1455 2932 1494 2974 ex
1513 2931 1642 2974 comae-

210 3024 324 3095 ‚tudirre
340 3023 589 3108 protestabatur,
610 3035 641 3084 et
660 3023 752 3082 cuins
772 3021 981 3101 ignorabatur
998 3022 1151 3100 im'u'um,
1179 3031 1210 3084 et
1228 3042 1249 3084 a
1270 3042 1335 3103 quo
1355 3022 1498 3087 inducta.
1520 3025 1641 3088 Constat

207 3138 290 3198 enim
305 3157 340 3196 ex
356 3135 493 3195 omnibus
509 3132 569 3195 sere
588 3131 806 3214 scriptoribus,
829 3133 882 3212 qui
903 3132 934 3191 in
955 3129 1158 3214 explanandas
1179 3131 1349 3194 inferiorum
1363 3147 1535 3218 temporum
1559 3137 1640 3197 anti-

207 3251 339 3331 quitates
355 3249 488 3308 animum
503 3244 709 3322 intenderant,
738 3264 774 3305 ea
794 3257 969 3326 tempestate
994 3245 1175 3307 consuevisse
1198 3245 1388 3328 emphiteutis
1416 3247 1493 3310 tradi
1518 3245 1638 3332 praedia

207 3363 248 3422 ita
265 3376 300 3421 ut
316 3380 376 3421 non
390 3357 479 3420 modo
494 3357 533 3418 ad
548 3377 652 3420 eorum
669 3355 746 3417 lilios
759 3399 769 3430 ‚
790 3376 895 3416 verum
910 3355 993 3418 etad
1009 3369 1138 3438 posteros
1152 3357 1305 3418 universos
1319 3355 1553 3422 traducerentur.
1570 3359 1636 3420 Hoc

206 3491 277 3532 sane
293 3491 333 3531 ex
348 3489 383 3531 eo
398 3469 565 3551 prolectam
581 3482 643 3540 est,
665 3465 746 3550 quod
764 3487 823 3528 non
837 3465 956 3548 vulgari
977 3465 1078 3527 studio
1102 3465 1226 3527 allicere
1246 3469 1401 3548 oportebat
1420 3470 1561 3538 colonos,
1583 3472 1636 3554 qui

207 3579 262 3640 diu
277 3580 471 3640 intermissam
485 3590 608 3660 propter
624 3575 705 3636 bella
720 3597 755 3636 ac
770 3561 947 3638 vastationes
967 3594 1105 3655 agrorum
1121 3573 1272 3636 culturam
1292 3576 1499 3638 instaurarent.
1519 3575 1565 3637 Eo
1581 3577 1635 3640 stc-

205 3690 279 3763 bat,
304 3702 340 3748 ut
354 3687 526 3768 primaevae
540 3687 685 3767 cuiusque
699 3683 887 3766 emphiteusis
902 3685 1096 3744 instrumenta
1110 3685 1252 3766 temporis
1276 3685 1473 3747 diuturnitate
1492 3689 1634 3770 quando-

206 3818 271 3880 que
286 3797 517 3874 amitterentur,
540 3816 575 3855 ac
589 3805 746 3876 propterea
766 3813 868 3855 census
889 3814 924 3854 ex
940 3792 1153 3855 consuetudine
1173 3795 1381 3878 pensitaretur.
1398 3801 1466 3876 Qua
1488 3799 1525 3861 de
1546 3823 1633 3866 causa

204 3915 235 3972 in
258 3932 340 3972 more
361 3909 491 3993 positum
512 3905 572 3968 tuit
584 3951 593 3984 ,
616 3921 649 3968 ut
674 3909 706 3966 in
726 3905 934 3968 venditionum
952 3906 1156 3968 contractibus
1177 3907 1331 3991 praedium
1353 3909 1446 3972 nullis
1466 3913 1634 3976 obnoxium

204 4040 266 4082 esse
286 4018 423 4080 censibus
443 4014 646 4077 declararetur
667 4013 797 4077 formula
811 4014 887 4093 illa,
910 4018 1032 4098 quaein
1046 4029 1147 4078 nostro
1163 4017 1341 4082 documento
1360 4021 1416 4082 sub
1436 4043 1560 4085 numero
1581 4029 1627 4088 X.

203 4154 275 4219 pag.
294 4135 334 4197 56
355 4134 508 4208 occurrit,
545 4129 687 4191 videlicet
716 4128 832 4211 absque
852 4131 942 4189 omui
961 4148 1091 4190 censum
1122 4139 1152 4192 st
1171 4132 1279 4211 regida
1298 4154 1353 4195 seu
1378 4141 1631 4216 responsatieum.

204 4247 296 4307 Nune
315 4262 388 4304 vero
409 4261 479 4302 cum
500 4239 564 4302 lieri
593 4239 746 4321 potuerit,
778 4252 813 4300 ut
833 4239 955 4299 maiores
975 4240 1114 4315 Ioannis,
1145 4242 1252 4324 quiin
1283 4248 1425 4326 praesenti
1457 4250 1630 4314 membrana

203 4377 336 4420 censum
356 4353 674 4416 consuetudinarium
694 4351 785 4416 simul
806 4373 877 4414 oum
897 4352 1076 4434 hospitibus
1096 4353 1210 4433 donat,
1243 4359 1418 4422 corumdem
1436 4363 1546 4424 horum
1571 4368 1631 4428 ho.

200 4472 323 4552 spitum
343 4467 502 4529 maioribus
522 4463 679 4547 praedium
701 4469 827 4544 Pyrum
846 4466 886 4526 ita
909 4465 1107 4538 tradiderint,
1136 4481 1172 4530 ut
1193 4467 1232 4530 ad
1251 4467 1376 4534 illorum
1396 4487 1524 4555 posteros
1547 4489 1630 4542 tran-

203 4583 296 4656 siret,
317 4600 352 4640 ac
372 4591 493 4639 tantum
514 4575 653 4658 temporis
678 4571 814 4656 elapsum
838 4573 964 4652 inisset,
986 4590 1024 4636 ut
1051 4579 1158 4639 amisso
1177 4580 1303 4662 pristino
1327 4581 1522 4646 instrumento
1542 4605 1630 4668 prae-

202 4694 291 4754 statio
312 4713 348 4756 ex
374 4687 592 4754 consuetudine
615 4685 798 4765 solveretur,
824 4684 939 4748 idcirco
960 4688 1014 4749 rati
1037 4710 1140 4751 sumus
1161 4710 1218 4773 pro
1240 4690 1413 4754 huiusmodi
1435 4698 1629 4776 praestatione

200 4803 376 4867 habendum
398 4825 459 4867 esse
484 4821 615 4866 cernuam
635 4799 972 4877 consuetudinariam,
996 4803 1080 4866 cuius
1100 4805 1282 4866 mentionem
1305 4803 1392 4868 habet
1413 4819 1550 4870 nostrum
1570 4809 1627 4870 hoe

202 4919 437 4978 instrumentum.
