4658 6508
542 1107 595 1155 ³¹¹·
752 1104 790 1174 ln
813 1104 946 1175 nomine
970 1103 1096 1176 domini
1115 1105 1167 1176 dei
1183 1105 1360 1176 Salvatoris
1382 1105 1486 1176 nostri
1507 1105 1603 1178 ihesu
1619 1104 1739 1180 Christi
1754 1110 1936 1207 Imperante
1952 1119 2087 1194 domino

535 1212 614 1273 9³²·
659 1238 771 1302 nostro
795 1229 1005 1304 Constantino
1028 1255 1148 1326 magno
1172 1233 1369 1330 imperatore
1393 1257 1479 1304 anno
1502 1235 1659 1306 vicesimo
1683 1237 1799 1331 quinto
1821 1244 1878 1314 sed
1897 1253 1929 1314 et
1945 1246 2087 1320 Romano

659 1371 686 1427 et
713 1357 902 1454 ditristoforo
918 1359 966 1457 (t)
983 1357 1053 1434 eius
1069 1362 1136 1432 tilio
1151 1362 1278 1456 magnis
1301 1362 1552 1455 imperatoribus
1576 1386 1660 1433 anno
1684 1363 1878 1438 duodecimo
1901 1370 1953 1441 die
1978 1377 2088 1448 unde-

658 1479 743 1550 cima
757 1483 876 1554 mensis
890 1484 1079 1556 nobembris
1094 1483 1270 1558 indictione
1287 1495 1403 1557 sexta..
1419 1536 1427 1554 .
1443 1535 1453 1554 .
1469 1487 1685 1580 .Dispositum
1700 1492 1822 1561 iactum
1838 1517 1857 1561 a
1872 1514 1926 1566 me
1941 1498 2086 1590 sergium

658 1603 763 1675 filium
787 1607 922 1701 quidam
949 1609 1072 1680 domini
1089 1609 1290 1680 Constantini
1311 1618 1344 1682 et
1370 1607 1507 1704 quidam
1533 1609 1666 1684 domine
1674 1659 1804 1681 ......
1812 1612 1977 1708 iugalibus
2002 1619 2086 1692 Cum

655 1731 822 1802 voluntate
837 1743 1021 1826 presentem
1037 1735 1145 1806 blactu
1170 1737 1306 1818 honeste
1329 1738 1449 1808 semine
1475 1737 1608 1832 coniugi
1635 1760 1708 1810 mee
1725 1738 1773 1834 (t)
1800 1749 1837 1810 ut
1863 1743 2004 1835 qualiter
2029 1745 2087 1816 in-

655 1858 757 1932 terius
788 1860 976 1934 iudicabero
1007 1866 1046 1937 de
1079 1887 1210 1936 omnem
1236 1888 1309 1938 mea
1336 1865 1514 1936 substantia
1537 1865 1650 1935 firmus
1674 1877 1706 1936 et
1741 1867 1854 1940 stabile
1889 1883 2018 1942 maneat
2053 1875 2088 1946 in

657 1997 869 2082 perpetuum:
896 1987 1042 2084 Dispono
1067 1993 1212 2083 primum
1227 1988 1376 2062 omnium
1397 1999 1435 2060 ut
1459 1991 1499 2060 ad
1521 2013 1632 2062 meum
1656 1993 1784 2062 ovitum
1806 1995 1948 2066 vendant
1963 1996 2087 2070 lohan-

657 2137 702 2185 ne
739 2111 808 2184 titio
843 2113 977 2206 quidam
1010 2114 1139 2184 domini
1174 2115 1319 2210 gregorii
1351 2115 1516 2208 magnifici
1547 2125 1579 2186 et
1614 2116 1760 2209 aligerno
1794 2118 1862 2188 filio
1898 2119 1984 2192 idem
2021 2125 2087 2196 do-

657 2239 740 2310 mini
766 2239 903 2334 aligerni
926 2241 1026 2312 simul
1059 2251 1093 2315 et
1129 2253 1225 2338 petro
1250 2243 1318 2314 filio
1342 2244 1475 2339 quidam
1498 2242 1598 2313 leoni.
1627 2243 1691 2313 hoc
1715 2255 1763 2314 est
1786 2245 1911 2339 integra
1936 2251 2086 2342 portione

657 2389 730 2439 mea
754 2377 914 2463 quantum
937 2392 990 2441 me
1013 2369 1049 2441 in
1072 2371 1223 2464 portione
1245 2371 1351 2465 tetigit
1379 2375 1419 2444 de
1448 2380 1551 2443 terras
1577 2370 1697 2465 positas
1727 2373 1806 2442 toris
1834 2373 1941 2468 gripta
1966 2386 1998 2447 et
2027 2401 2087 2447 ca-

738 2645 785 2728 (t)
805 2643 947 2727 Spatium
966 2643 1127 2726 quoddam
1146 2645 1257 2706 litteris
1275 2666 1412 2709 vacuum
1431 2646 1489 2706 sub
1508 2647 1599 2707 huius
1619 2649 1814 2708 membranae
1835 2649 1955 2709 initium
1975 2665 2083 2729 extat,

657 2756 700 2847 ita
719 2754 862 2818 relictum
883 2754 1004 2817 fortasse
1024 2758 1096 2839 quia
1118 2756 1238 2818 deletae
1257 2755 1380 2816 fuerant
1401 2753 1519 2817 litterae
1540 2757 1573 2816 in
1595 2758 1809 2838 autographo,
1838 2757 1923 2820 unde
1950 2780 2086 2840 praeseus

656 2882 873 2932 testamentum
894 2869 953 2930 suit
973 2868 1198 2952 exemplatam.
1222 2869 1316 2932 Nobis
1341 2889 1415 2930 vero
1446 2891 1507 2930 non
1532 2869 1608 2930 alias
1634 2871 1753 2932 restitui
1780 2891 1870 2934 voces
1898 2892 1993 2954 quam
2015 2875 2085 2933 Ro-

656 3002 754 3046 mano
768 2997 798 3045 et
817 2982 1041 3064 Chn'stophoro
1057 2997 1218 3066 oportere,
1242 2981 1475 3063 chronologicae
1497 2996 1586 3043 notae
1601 2985 1813 3065 patefecerunt
1822 3030 1830 3060 ,
1851 3005 1931 3066 quae
1947 2984 2087 3066 profecto

657 3099 815 3162 convenire
836 3113 961 3180 possunt
981 3097 1038 3158 uni
1063 3097 1260 3159 Constantino
1287 3097 1575 3178 Porphyrogenito,
1603 3097 1652 3158 cni
1679 3098 1853 3158 Romanum
1877 3109 1967 3178 atque
1992 3097 2086 3158 huius

657 3208 762 3270 filium
783 3208 1042 3289 christophorum
1062 3207 1158 3268 socios
1180 3208 1212 3267 in
1225 3207 1356 3286 lmperio
1376 3203 1464 3267 tuisse
1485 3207 1668 3287 byzantinae
1687 3209 1830 3269 historiae
1851 3206 2066 3290 prodiderunt.

737 3317 782 3400 (a)
804 3317 928 3378 Maritos
951 3315 1026 3376 olim
1047 3313 1130 3399 apud
1149 3337 1201 3376 nos
1221 3315 1253 3376 in
1275 3315 1502 3390 contractibus,
1524 3315 1579 3398 qui
1598 3336 1721 3377 suarum
1742 3335 1864 3398 quoque
1885 3335 2017 3378 uxorum
2034 3319 2086 3377 in-

655 3451 761 3496 teresse
781 3442 946 3512 poterant,
966 3428 1069 3511 quoad
1090 3431 1239 3493 bonorum
1260 3429 1483 3513 quadrantem,
1504 3449 1596 3510 quem
1617 3450 1687 3492 suae
1707 3432 1833 3511 quisque
1858 3431 1944 3490 uxori
1965 3449 2002 3490 ex
2021 3431 2085 3491 iure

655 3546 807 3624 debebat,
841 3567 901 3606 non
923 3545 987 3606 sine
1008 3544 1181 3608 earumdem
1202 3565 1346 3606 consensu
1366 3544 1500 3625 stipulati
1522 3543 1667 3620 suerunt,
1703 3546 1748 3603 uti
1769 3543 1940 3624 complures
1963 3543 2086 3626 quidem

654 3673 798 3724 testantur
812 3661 899 3722 huius
916 3661 984 3723 aevi
997 3662 1197 3722 membranae.
1218 3656 1255 3722 ld
1267 3661 1357 3720 moris
1370 3659 1423 3722 vel
1440 3659 1610 3739 principum
1624 3675 1780 3716 suevorum
1793 3670 1823 3716 et
1837 3656 2086 3736 andegavensium

652 3773 832 3858 temporibus
856 3773 1018 3835 obtinuisse
1038 3783 1122 3853 patet
1145 3773 1253 3833 ebinis
1274 3772 1476 3848 documentis,
1499 3768 1536 3828 de
1561 3769 1668 3851 quibus
1681 3769 1815 3828 meminit
1827 3766 1965 3829 Claritius
1987 3768 2086 3852 (pag.

654 3886 729 3969 86).
752 3885 832 3948 Huic
853 3899 955 3946 mmen
977 3882 1126 3947 mirificus
1146 3904 1215 3945 sane
1237 3904 1300 3944 mos
1321 3884 1375 3944 iste
1395 3885 1475 3944 visus
1496 3897 1540 3942 est
1559 3901 1596 3942 ex
1616 3902 1650 3943 eo
1674 3881 1858 3962 potissimum
1877 3881 1958 3963 quod
1980 3904 2085 3944 uxores

653 4001 730 4082 ipsas
750 3999 972 4073 contractibus,
995 4016 1072 4080 quos
1091 4015 1194 4057 earum
1217 4015 1358 4058 consensu
1373 3996 1471 4054 mariti
1485 3995 1559 4054 inire
1575 3995 1711 4069 aiebant,
1734 3995 1909 4074 neutiquam
1923 3994 2084 4056 interfuisse

654 4113 784 4194 patebat.
804 4111 979 4174 Fatendum
999 4109 1128 4191 quidem
1148 4123 1192 4170 est
1220 4107 1398 4168 earumdem
1424 4107 1694 4188 subscriptionibus
1720 4121 1895 4167 contractus
1922 4106 2081 4168 interdum

656 4241 778 4296 carere,
799 4239 908 4281 verum
929 4222 954 4281 si
974 4217 1105 4278 Curialis
1126 4237 1174 4279 eas
1194 4217 1382 4299 stipulationi
1403 4219 1583 4278 consensisse
1604 4217 1811 4292 adfirmabat,
1834 4214 1865 4274 id
1886 4215 1993 4298 procul
2017 4217 2079 4276 du·

656 4337 708 4399 bio
728 4337 893 4398 testabatur
913 4337 993 4418 ipsas
1012 4335 1051 4394 ab
1071 4353 1107 4394 eo
1128 4333 1168 4394 de
1188 4353 1244 4393 suo
1263 4352 1409 4393 consensu
1429 4347 1550 4413 rogatas
1570 4332 1661 4393 fuisse
1672 4377 1681 4410 ‚
1706 4346 1869 4413 antequam
1889 4333 2073 4393 instrumen-

656 4460 721 4507 tum
742 4445 952 4509 conficeretur.
977 4441 1138 4504 Interdum
1158 4461 1233 4506 uero
1248 4464 1296 4504 eas
1312 4442 1467 4503 exarandis
1487 4443 1693 4504 contractibus
1714 4440 1855 4520 adfuisse,
1871 4463 1945 4504 mox
1959 4441 2079 4504 edenda

654 4559 838 4642 patefaciunt
857 4557 1063 4633 documenta,
1085 4556 1119 4616 in
1138 4555 1248 4638 quibus
1266 4552 1376 4637 legitur
1397 4556 1541 4618 maritum
1555 4554 1726 4618 vendidisse
1741 4575 1816 4615 cum
1830 4575 1981 4617 consensu
1997 4575 2079 4616 uxo-

653 4671 771 4732 sisarae
789 4669 966 4751 presentat,
987 4667 1044 4730 etti
1064 4666 1241 4729 huiusmodi
1262 4667 1479 4731 venditionum
1499 4669 1696 4730 membranae
1722 4688 1855 4730 uxorum
1881 4668 2079 4750 subscriptio-

654 4785 741 4847 nibus
761 4784 972 4847 destituantur.

733 4898 847 4959 Verum
867 4897 897 4958 in
917 4899 1062 4980 praesenti
1083 4897 1254 4959 membrana
1274 4919 1332 4958 non
1361 4895 1450 4959 modo
1476 4917 1545 4958 cum
1570 4896 1724 4958 voluntate
1750 4895 1849 4958 uxoris
1879 4914 1948 4956 suae
1969 4895 2081 4954 Blattu
