4692 6512
842 636 986 732 (119)

199 800 305 871 vimus
339 797 461 872 ividem
494 797 677 893 plenarium
711 797 819 891 ipsum
853 796 992 868 casalem
1026 798 1066 870 de
1101 805 1300 872 tcrrenzanu.
1337 805 1495 892 quamum
1529 799 1623 868 novis

198 923 344 998 evenerit
367 923 580 1018 aruginollus
595 921 655 1018 qui
671 943 727 994 eos
743 922 882 1016 pastinat
905 922 989 993 sicut
1012 933 1061 995 est
1083 945 1159 994 cum
1174 923 1283 994 omnia
1300 945 1358 994 sna
1374 925 1565 1015 pertinentia
1590 935 1624 995 et

199 1051 347 1144 portione
363 1058 473 1122 nostra
490 1049 531 1120 de
548 1047 656 1142 ipsum
671 1046 816 1118 duleum.
836 1055 869 1117 et
892 1055 998 1119 totum
1020 1047 1203 1142 plenarium
1226 1048 1334 1141 ipsum
1357 1048 1494 1120 casalem
1511 1073 1623 1143 quan-

200 1186 271 1245 tum
296 1197 431 1247 avemus
454 1174 489 1244 in
513 1171 714 1246 torudecinte
749 1171 791 1245 de
827 1171 890 1242 isto
925 1183 1031 1244 totum
1055 1175 1222 1267 quomodo
1250 1173 1399 1266 superius
1422 1174 1542 1266 legitur
1567 1175 1622 1245 le-

197 1301 303 1373 cimus
325 1323 391 1372 una
414 1299 576 1394 portione.
601 1321 660 1371 seu
682 1307 717 1370 et
739 1296 808 1390 ipsa
832 1296 941 1390 portio
966 1321 985 1366 a
1007 1306 1121 1389 suptus
1145 1298 1186 1368 de
1209 1297 1392 1390 predictum
1416 1297 1554 1368 casalem
1579 1298 1621 1368 da

195 1425 337 1498 tusculu.
361 1425 459 1498 havet
481 1424 719 1520 longitudinem
742 1424 782 1494 de
806 1443 873 1494 nno
896 1421 997 1494 latere
1021 1447 1039 1492 a
1063 1431 1154 1516 parte
1177 1421 1217 1491 alr
1241 1424 1359 1496 andrea
1375 1422 1459 1516 passi
1483 1422 1615 1516 viginti.

195 1563 228 1625 et
252 1555 287 1625 in
303 1555 409 1626 media
432 1553 504 1623 loca
528 1561 602 1624 avet
625 1550 862 1646 longitudinem
880 1550 964 1645 pomi
979 1549 1098 1644 viginti
1114 1560 1193 1622 tros.
1219 1562 1252 1622 et
1274 1551 1309 1623 in
1333 1552 1405 1646 ipso
1429 1551 1494 1622 alio
1518 1552 1620 1622 latere

195 1691 270 1754 avet
292 1681 530 1774 longitudinem
545 1680 631 1773 passi
655 1677 773 1771 viginti
795 1688 961 1772 quattuor.
984 1677 1047 1748 isto
1066 1687 1170 1750 totum
1186 1678 1271 1750 sicut
1293 1677 1510 1772 suprascripta
1527 1699 1617 1748 men·

195 1831 270 1879 sura
294 1808 439 1879 continet
461 1830 538 1879 curn
562 1817 629 1878 tote
653 1807 721 1900 ipse
745 1805 832 1878 olive
856 1805 947 1902 quod
979 1815 1054 1878 avet
1084 1817 1195 1877 cutme
1228 1827 1333 1900 usque
1365 1815 1399 1876 at
1431 1807 1500 1898 ipsa
1536 1827 1619 1876 noce

195 1934 254 2004 ubi
277 1935 412 2008 lecimus
436 1937 506 2028 ipsa
529 1957 638 2008 cruce.
664 1943 697 2006 et
719 1934 785 2004 iam
808 1955 850 2004 av
881 1933 951 2028 ipsa
986 1954 1068 2004 noce
1098 1933 1264 2029 quomodo
1299 1932 1449 2004 decurret
1481 1934 1517 2003 in
1551 1933 1621 2026 ipse

194 2060 283 2132 olivo
305 2061 363 2134 ubi
387 2061 523 2132 lecimus
546 2061 615 2153 ipse
637 2062 744 2132 crucis
768 2071 801 2132 et
824 2061 887 2130 isto
911 2071 1017 2132 totum
1041 2061 1083 2130 sit
1106 2061 1168 2129 alia
1203 2061 1324 2152 portio.
1361 2071 1395 2130 et
1426 2060 1619 2130 iactavimus

194 2187 319 2258 ividem
341 2187 523 2280 plenarium
545 2188 654 2280 ipsum
678 2185 815 2257 casalem
839 2189 881 2260 da
904 2186 989 2260 lauri
1014 2209 1090 2258 cum
1114 2195 1147 2258 et
1169 2187 1241 2280 ipso
1265 2197 1351 2258 terra
1374 2209 1516 2259 vacuum
1549 2187 1622 2256 ivi-

194 2313 271 2382 dem
295 2311 354 2405 qni
378 2310 508 2383 vineam
532 2312 595 2383 luit
628 2337 647 2381 a
681 2312 836 2406 preterito
871 2323 1031 2407 tempore.
1070 2323 1104 2385 ct
1126 2313 1333 2385 medietatem
1368 2315 1408 2386 de
1444 2322 1512 2385 tote
1549 2315 1619 2408 ipse

193 2450 282 2511 terre
304 2440 498 2512 seminatore
522 2449 681 2534 quantum
705 2439 828 2512 iridem
851 2440 887 2511 in
922 2441 1007 2512 lauri
1044 2463 1191 2514 avemus.
1218 2449 1328 2535 preter
1351 2443 1619 2535 exceptnavimus

194 2565 315 2636 exinde
339 2575 407 2635 tota
430 2564 500 2660 ipsa
524 2574 704 2660 querquetu
728 2575 849 2660 quante
872 2565 995 2638 ividem
1019 2589 1153 2640 avemus
1188 2567 1248 2660 qui
1271 2569 1404 2640 fuerunt
1426 2577 1561 2637 runcato
1586 2578 1619 2636 et

194 2689 360 2760 seminata.
385 2689 499 2784 etqui
521 2713 589 2759 non
611 2691 744 2761 luerunt
766 2689 920 2760 seminata
945 2714 1051 2785 neque
1085 2697 1219 2760 roncata
1251 2697 1285 2759 et
1319 2697 1426 2761 totum
1460 2697 1620 2784 quantum
1713 2727 1715 2732 ·

194 2836 255 2884 nos
277 2813 421 2906 tetigerit
444 2814 484 2883 de
507 2813 616 2906 ipsum
639 2812 830 2885 insectetum
854 2835 954 2907 quem
976 2813 1116 2908 pastinat
1147 2813 1294 2884 marinus
1323 2813 1524 2908 pecorarius.
1551 2813 1621 2908 ipse

195 2964 292 3012 amre
315 2941 451 3014 cisterno
474 2961 574 3035 quem
598 2963 731 3014 avemus
755 2950 788 3012 at
811 2941 955 3013 lusculus
984 2942 1053 3036 ipsa
1084 2941 1222 3012 cisterna
1253 2942 1360 3012 maior
1395 2942 1438 3012 sit
1472 2943 1513 3014 de
1549 2940 1619 3035 ipsa

195 3069 346 3162 portione
370 3069 410 3140 de
433 3090 531 3161 supra
554 3076 592 3138 ut
615 3070 674 3162 qui
698 3069 812 3140 tulerit
833 3069 902 3162 ipsa
925 3070 1076 3161 portione
1100 3093 1119 3138 a
1142 3092 1240 3162 supra
1264 3067 1333 3162 ipsa
1356 3069 1495 3140 cisterna
1511 3069 1619 3138 maior

196 3197 233 3267 in
258 3219 317 3268 sua
340 3195 402 3264 siat
424 3201 614 3287 potestatem
637 3195 706 3288 ipsa
728 3194 836 3288 portio
860 3195 901 3267 de
925 3205 1038 3289 suptus
1062 3195 1103 3266 de
1126 3195 1174 3265 illi
1198 3197 1252 3266 via
1286 3207 1323 3265 nt
1347 3205 1455 3288 portat
1478 3207 1512 3266 at
1535 3220 1621 3291 aqua

195 3321 340 3417 inplendi
364 3321 495 3394 reneire
518 3329 552 3390 et
574 3321 723 3393 conciare
746 3321 809 3393 sivi
832 3345 904 3393 eam
923 3322 1055 3419 quomo
1071 3343 1199 3394 necesse
1214 3322 1322 3394 luerit.
1346 3323 1465 3418 etipsa
1480 3323 1619 3396 cisterna

197 3449 307 3520 minor
330 3450 372 3520 sit
395 3451 436 3522 de
458 3449 527 3542 ipsa
551 3447 701 3542 portione
724 3447 764 3520 de
788 3457 901 3543 suptus
924 3446 1031 3518 omnis
1065 3447 1174 3540 portio
1209 3471 1268 3541 per
1300 3469 1358 3519 sua
1393 3449 1500 3542 capita
1525 3459 1619 3521 aveat

186 3579 300 3654 ¹viam.
326 3575 384 3670 qui
409 3576 532 3647 denos
556 3571 732 3670 perdiderit
754 3573 795 3645 de
818 3571 888 3666 ipsa
915 3572 1065 3666 portione
1090 3594 1148 3642 sua
1173 3595 1192 3641 a
1216 3595 1274 3643 sue
1297 3571 1383 3666 parti
1402 3559 1464 3644 =cos
1487 3577 1621 3646 restau-

197 3725 320 3774 remus.
345 3702 496 3793 Quanrm
511 3725 565 3772 me
582 3699 803 3796 suprascripto
826 3700 1031 3775 constantino
1053 3699 1161 3794 tetigit
1184 3699 1220 3770 in
1242 3699 1349 3793 prima
1370 3701 1565 3794 portionem
1582 3704 1622 3774 de

197 3830 307 3922 ipsum
332 3826 469 3898 casalem
493 3830 534 3900 da
558 3827 720 3898 fusculum
744 3825 813 3918 ipsa
836 3825 945 3918 portio
968 3849 988 3895 a
1010 3833 1102 3919 parts
1136 3849 1157 3895 a
1185 3847 1282 3920 supra
1309 3849 1387 3896 cum
1420 3833 1527 3896 totum
1549 3826 1622 3920 ipso

198 3955 265 4024 alio
289 3962 322 4025 et
344 3953 453 4024 omnia
476 3975 542 4046 que
565 3949 714 4044 superius
736 3947 870 4042 legitur.
896 3959 930 4021 et
953 3971 1013 4024 nos
1036 3949 1247 4044 suprascripti
1271 3950 1343 4022 tetit
1365 3952 1406 4023 de
1429 3949 1538 4045 ipsum
1562 3973 1623 4020 ca-

197 4081 299 4152 salem
322 4080 363 4150 da
386 4078 525 4150 fusculu.
547 4077 617 4170 ipsa
640 4077 748 4170 portio
772 4101 792 4148 a
814 4088 906 4170 parte
931 4089 1188 4173 asuptmcum
1211 4085 1375 4150 ettotam
1402 4077 1474 4170 ipso
1498 4076 1563 4147 alio
1587 4089 1621 4149 et

199 4210 313 4280 omnia
336 4231 402 4302 que
425 4207 576 4302 superius
599 4207 729 4300 legitur.
745 4216 777 4279 et
802 4207 838 4277 in
860 4207 1012 4280 omnibus
1036 4211 1121 4279 inter
1135 4207 1230 4279 nobis
1253 4229 1310 4280 eos
1326 4205 1496 4278 divisimus
1519 4214 1553 4275 et
1568 4205 1627 4278 di-

199 4336 365 4407 linirimus
389 4343 422 4406 et
445 4333 539 4404 nobis
562 4332 680 4405 exinde
703 4333 946 4427 appreensimns
969 4342 1002 4405 et
1018 4332 1244 4429 musquisqne
1267 4333 1308 4404 de
1324 4353 1384 4406 nos
1399 4330 1497 4403 iaciat
1512 4333 1552 4404 de
1567 4353 1626 4402 sua

201 4462 352 4556 portione
376 4462 466 4555 quod
491 4461 523 4533 ei
545 4459 716 4556 placuerit.
741 4459 800 4555 qui
823 4467 933 4531 autem
958 4461 999 4532 ds
1021 4481 1082 4532 nos
1098 4481 1132 4530 se
1148 4467 1322 4532 extornare
1346 4459 1500 4531 voluerit.
1527 4481 1626 4528 oom-

199 4597 300 4681 ponat
322 4586 439 4682 viginti
462 4587 639 4659 bmanteos.
665 4593 698 4656 et
721 4607 759 4656 ec
783 4583 930 4658 chartula
957 4584 1000 4654 sit
1034 4585 1138 4656 firma.
1167 4587 1203 4656 in
1225 4585 1388 4679 presentia
1411 4583 1551 4654 testium.
1575 4584 1627 4654 si-

200 4735 303 4807 gnum
318 4711 349 4806 †
365 4735 480 4784 manus
503 4711 638 4783 mastalo
662 4709 777 4782 comiti
794 4712 834 4783 de
849 4731 963 4784 musoo
987 4709 1112 4786 couniti.
1139 4713 1271 4807 signum
1288 4708 1446 4806 †manus
1469 4731 1625 4780 mansone

201 4839 269 4911 lilio
294 4839 443 4913 iohannis
466 4837 593 4914 comitis
618 4839 658 4912 de
682 4835 791 4932 sergio
814 4836 946 4910 comite.
977 4838 1109 4933 signum
1124 4836 1155 4933 †
1170 4861 1285 4910 manus
1308 4860 1386 4911 urso
1418 4835 1487 4910 lilio
1511 4837 1625 4931 lupino

202 4966 243 5038 de
267 4966 407 5040 iohanne
431 4969 562 5040 comite.
588 4965 619 5062 †
642 4968 713 5060 Ego
738 4966 961 5040 constantinus
984 4965 1090 5038 scrius
1112 4965 1274 5060 scripsi†
