4658 6508
1294 626 1436 722 (too)

1264 920 1390 991 uxr
1415 917 1464 1016 (t)

540 1198 593 1243 an.
753 1171 791 1241 ln
814 1173 947 1241 nomine
966 1168 1092 1240 domini
1116 1166 1169 1240 dei
1193 1167 1363 1239 salvatoris
1379 1163 1483 1238 nostri
1509 1165 1602 1238 ihesu
1619 1163 1733 1235 christi
1756 1165 1936 1256 imperante
1952 1161 2088 1233 domino

525 1297 607 1366 938,
658 1307 770 1372 nostro
793 1301 996 1372 constantino
1020 1297 1254 1393 porfirogenito
1283 1320 1404 1390 magno
1428 1298 1624 1390 imperatore
1656 1316 1743 1364 auno
1766 1289 1946 1364 tricesimo.
1971 1291 2087 1362 sedet

658 1450 794 1500 romano
818 1449 931 1498 socero
945 1425 991 1523 (a)
1017 1425 1087 1496 eius
1111 1445 1232 1518 magno
1255 1423 1452 1516 imperatore
1477 1442 1564 1489 anno
1581 1415 1827 1516 quintodecimo
1860 1415 1913 1486 die
1929 1412 2084 1486 vicesima

735 1730 782 1813 (ι)
804 1730 989 1792 Characteris
1008 1729 1193 1806 surrentini,
1212 1747 1274 1808 quo
1297 1725 1517 1787 documentum
1538 1722 1596 1783 hoc
1617 1724 1822 1805 conscriptum
1836 1732 1901 1799 est,
1923 1718 2085 1782 exhibetur

655 1841 808 1922 specimen
830 1841 861 1898 in
883 1839 960 1902 Tab.
983 1836 1023 1896 ll.
1044 1859 1075 1897 n·
1096 1841 1131 1899 3.

735 1952 779 2035 (a)
800 1955 955 2013 Romanus
974 1952 1168 2033 Lecapenus,
1201 1952 1257 2031 qni
1277 1930 1466 2028 Drungarii,
1492 1945 1610 2007 scili-oet
1630 1943 1781 2008 Praefecti
1809 1958 1927 2006 turmae
1956 1939 2083 2005 militari

655 2089 779 2129 munere
800 2065 1002 2146 fungebatur,
1025 2063 1219 2128 Constantini
1236 2061 1494 2143 Porphyrogeniti
1514 2079 1598 2121 socer
1616 2059 1728 2132 evasit,
1745 2077 1816 2116 cum
1832 2055 1926 2137 ipsius
1939 2053 2003 2115 filia
2016 2057 2082 2116 He-

656 2179 724 2240 lena
737 2181 812 2239 huic
834 2179 1007 2260 imperatori
1029 2179 1185 2260 nupsisset
1206 2177 1346 2238 Affinitas
1365 2175 1591 2234 haccRomano
1612 2175 1735 2254 eiusque
1755 2170 1828 2234 filiis
1843 2169 1942 2248 graeci
1957 2166 2084 2250 Imperii

657 2291 830 2350 societatem
847 2289 986 2368 deinceps
1005 2288 1143 2370 peperit,
1166 2307 1227 2368 qua
1248 2305 1344 2368 usque
1366 2285 1444 2344 adeo
1464 2284 1592 2344 luerunt
1605 2285 1706 2353 abusi,
1727 2296 1763 2342 ut
1778 2282 1890 2364 quavis
1906 2281 2081 2342 auctoritate

656 2403 891 2464 Constantinum
904 2401 1068 2474 exsuerint,
1089 2419 1202 2480 suoque
1216 2417 1339 2480 prorsus
1360 2396 1486 2456 arbitrio
1501 2393 1841 2476 constantinopolitana
1853 2394 1887 2453 iu
1899 2392 1970 2452 aula
1983 2394 2083 2476 impe·

655 2518 789 2577 ritarint.
802 2513 944 2575 Tandem
965 2535 1038 2576 vcro
1057 2514 1228 2574 Romanum
1241 2511 1385 2595 poenituit
1399 2511 1508 2590 ingrati
1530 2509 1645 2586 animi,
1667 2529 1762 2591 quem
1784 2508 1818 2568 in
1838 2527 1981 2588 generum
1997 2506 2034 2567 de
2049 2529 2082 2567 se

656 2624 984 2686 benemerentissimum
1004 2620 1238 2704 praesetulerat,
1261 2634 1291 2682 et
1311 2618 1503 2678 Constantino
1522 2619 1647 2698 eiusque
1667 2615 1734 2677 filio
1754 2619 1918 2699 imperium
1937 2615 2084 2679 vindica-

656 2736 712 2796 vit.
732 2736 847 2796 Verum
868 2732 927 2795 filii
946 2731 992 2793 sui
1012 2745 1095 2792 tanto
1129 2731 1199 2791 hinc
1229 2729 1298 2790 odio
1324 2749 1360 2788 ao
1380 2728 1559 2788 crudelitate
1581 2729 1615 2788 in
1640 2740 1799 2810 parentem
1822 2741 2018 2804 exarserunt,
2050 2743 2085 2787 ut

656 2848 870 2928 relegationem
889 2845 1139 2908 luctuosissimam
1158 2843 1186 2905 ei
1206 2846 1351 2925 pararint.
1366 2843 1428 2902 Has
1443 2842 1570 2924 quidem
1586 2855 1616 2902 et
1631 2840 1804 2923 complures
1819 2842 1894 2904 alias
1909 2844 2085 2906 miserrimas

656 2958 873 3022 vicissitudines
886 3005 895 3036 ,
912 2980 988 3041 quae
1004 2980 1019 3020 e
1035 2972 1200 3019 memorata
1213 2955 1334 3038 imperii
1348 2957 1489 3034 societate
1502 2971 1692 3032 manarunt,
1713 2955 1814 3036 legere
1828 2969 1870 3016 est
1882 2956 1965 3039 apud
1982 2977 2087 3016 ornnes

656 3071 719 3134 lere
734 3072 914 3152 byzantinae
934 3071 1078 3131 historiae
1099 3071 1270 3148 scriptores.

737 3187 882 3248 Praesens
895 3203 969 3248 vero
984 3185 1240 3260 instrumentum,
1261 3203 1323 3265 quo
1337 3185 1471 3264 primum
1485 3183 1642 3243 Romanus
1656 3201 1746 3243 socer
1763 3181 1859 3244 dictus
1873 3181 1958 3242 nohis
1971 3202 2085 3243 occur·

656 3303 717 3374 rit,
738 3301 814 3360 huic
835 3299 956 3380 imperii
977 3318 1072 3358 anuos
1092 3298 1199 3360 tribuit
1219 3298 1353 3360 diversos
1373 3301 1411 3359 ab
1432 3301 1468 3360 iis
1480 3344 1490 3376 ,
1518 3320 1594 3381 quos
1621 3299 1742 3382 reliqua
1765 3313 1864 3360 nostra
1884 3300 2084 3360 instrumenta

657 3424 848 3493 supputant,
869 3425 904 3471 ut
925 3412 1120 3473 observatum
1141 3426 1184 3474 est
1205 3433 1273 3495 pag.
1310 3413 1350 3476 33
1383 3415 1493 3496 adnot..
1517 3412 1569 3496 (r).
1590 3419 1697 3474 Annus
1730 3413 1812 3473 enim
1832 3413 1912 3488 XV,
1939 3431 2002 3494 quo
2022 3412 2083 3471 No-

657 3524 749 3586 tarius
768 3522 978 3583 membranam
996 3523 1075 3583 hanc
1096 3525 1305 3604 praenotavit,
1329 3544 1389 3584 esse
1410 3522 1559 3583 debuisset
1573 3523 1675 3584 XVll.
1696 3544 1712 3582 e
1731 3523 1958 3604 supputatione,
1986 3543 2081 3605 quam

655 3633 820 3698 ineundam
839 3655 900 3696 esse
920 3633 1037 3697 ibidem
1057 3637 1239 3696 notavimus.
1260 3634 1351 3696 Nobis
1372 3635 1473 3715 itaque
1493 3633 1615 3694 videtur
1636 3634 1822 3694 surrentinus
1842 3634 1983 3694 Notarius
2002 3633 2081 3694 alte-

653 3765 717 3809 ram
737 3749 882 3829 epocham
893 3791 902 3824 ,
926 3769 1004 3829 quae
1025 3760 1137 3808 nostros
1157 3745 1258 3806 adhuc
1278 3749 1432 3826 scriptores
1452 3746 1563 3822 latuit,
1586 3747 1725 3806 Romano
1749 3746 1906 3823 tribuisse,
1935 3747 2080 3808 nimirum

655 3880 672 3918 a
693 3859 980 3922 dissereremus
1001 3861 1071 3920 anni
1092 3862 1177 3940 923,
1198 3879 1268 3920 cum
1284 3860 1419 3932 scilicet,
1442 3874 1531 3942 prout
1550 3860 1647 3940 inquit
1661 3860 1696 3918 Λ.
1715 3858 1752 3919 de
1767 3858 1837 3919 Meo
1858 3858 2003 3939 (Appon
2017 3878 2084 3918 oro-

656 3975 717 4034 nol.
737 3992 814 4054 pag.
836 3972 905 4056 56)
925 3974 985 4034 eius
1008 3972 1066 4033 filii
1086 3973 1255 4055 Stephanus
1276 3987 1307 4034 et
1326 3971 1539 4034 Constantinus
1560 3972 1597 4032 ad
1618 3974 1736 4054 imperii
1755 3972 1928 4033 societatem
1950 3991 2084 4032 accesse-

654 4099 739 4148 runt.
755 4084 788 4145 si
808 4105 870 4146 non
885 4105 970 4147 secus
985 4104 1029 4146 res
1049 4083 1207 4165 contigisse
1228 4083 1369 4160 dicatur,
1395 4083 1548 4144 adseretur
1564 4083 1659 4163 ipsius
1675 4083 1712 4141 de
1727 4083 1796 4143 Meo
1810 4082 1956 4145 sententia
1969 4083 2085 4145 adver-

654 4215 704 4254 sus
725 4191 876 4273 quosdam
897 4193 1075 4270 scriptores,
1096 4211 1131 4251 ac
1151 4194 1321 4271 praesertim
1341 4206 1495 4254 auctorem
1520 4192 1669 4274 gallicum
1694 4193 1790 4274 operis
1817 4192 1951 4272 inscripti
1969 4192 2086 4252 Fasces

654 4304 837 4364 universale.
849 4345 863 4371 ,
883 4305 937 4384 qui
957 4304 1018 4387 (T.
1034 4307 1101 4366 IV.
1118 4305 1159 4385 pl.
1176 4317 1241 4375 224
1251 4307 1263 4386 )
1283 4305 1451 4366 societatem
1476 4305 1563 4366 illam
1584 4305 1623 4366 ad
1649 4326 1762 4367 annum
1773 4309 1832 4385 928
1846 4304 2029 4366 amandavit.

732 4418 811 4478 Heio
831 4436 919 4498 porro
938 4435 994 4498 pro
1015 4437 1047 4479 re
1068 4430 1139 4478 nata
1152 4417 1456 4478 animadvertendum
1469 4437 1589 4500 quoque
1605 4418 1804 4494 arbitramur,
1827 4415 1911 4498 quod
1932 4416 1987 4478 etsi
1999 4413 2083 4477 idem

653 4528 691 4590 de
711 4531 781 4592 Meo
802 4527 909 4612 (oper.
929 4531 981 4590 cit.
997 4551 1023 4591 c.
1036 4533 1082 4591 II.
1100 4539 1184 4610 part.
1198 4533 1237 4590 V.
1254 4527 1284 4610 ᾗ.
1305 4530 1351 4612 5)
1372 4529 1622 4612 Clrristophorum
1641 4550 1720 4590 anno
1740 4531 1796 4610 931
1817 4529 1881 4590 vita
1903 4527 2083 4590 defunctum

652 4637 778 4701 edixerit
797 4636 886 4698 nullo
906 4635 1032 4719 quidem
1053 4637 1149 4699 allato
1170 4637 1378 4716 documento,
1401 4653 1503 4701 nostra
1525 4655 1630 4701 tamen
1653 4639 1848 4700 instrumenta
1867 4641 1967 4722 ipsum
1983 4641 2086 4718 graeci

652 4755 768 4836 imperii
788 4755 904 4816 socium
923 4754 1067 4815 exhibent
1087 4753 1125 4813 ad
1142 4753 1338 4815 undecimum
1350 4775 1446 4836 usque
1458 4755 1539 4816 diem
1551 4754 1723 4817 novembris
1743 4754 1816 4814 anni
1838 4753 1910 4833 932,
1932 4753 1977 4813 uti
1997 4765 2082 4834 patet

654 4883 670 4922 e
691 4865 863 4924 membrana
875 4864 943 4924 heic
956 4865 1037 4924 edita
1051 4864 1106 4923 sub
1119 4885 1244 4926 numero
1255 4866 1366 4942 xv1t.‚
1385 4867 1419 4924 in
1433 4885 1495 4946 qua
1510 4865 1602 4948 ipsius
1617 4865 1820 4948 Christophori
1838 4876 1983 4947 postrema
2000 4883 2081 4925 men-

656 4977 697 5036 tio
717 4977 857 5038 occurrit.
881 4978 962 5039 Hine
981 4999 1045 5039 non
1074 4978 1224 5040 immerito
1255 4979 1406 5061 arguimus
1438 4991 1492 5040 aut
1516 4978 1678 5040 laudatum
1703 4981 1882 5063 scriptorem
1910 4973 2083 5052 σφάλματος
