4658 6508
1319 624 1464 720 (102)

682 794 799 865 exinde
827 816 885 886 per
909 791 1026 884 quotis
1051 787 1186 858 modum
1210 783 1307 854 habet
1331 781 1514 852 nominatus
1538 785 1665 849 sanctus
1690 787 1797 847 testor
1821 773 2025 843 monasteriae
2050 771 2124 842 sibe

686 943 744 1012 per
784 917 985 988 offertionem
1020 939 1038 982 a
1073 912 1206 1006 quidem
1240 907 1370 980 domina
1404 905 1505 977 maria
1535 919 1568 976 et
1591 898 1804 994 iobaquintha
1833 895 1993 990 monacha
2027 920 2123 989 ger-

683 1067 796 1114 manas
833 1041 915 1112 lilios
947 1039 1049 1134 ipsius
1085 1036 1209 1110 domini
1241 1032 1389 1104 iohannis
1421 1029 1486 1101 loci
1518 1027 1675 1099 servatori
1711 1026 1765 1096 sel
1798 1023 1838 1092 ab
1871 1037 2021 1092 consortes
2049 1047 2122 1092 ea-

682 1195 758 1243 rum
782 1179 840 1240 aut
862 1191 922 1262 per
946 1167 1010 1236 alio
1035 1164 1181 1259 quolibet
1204 1159 1339 1230 modum
1363 1158 1416 1229 vel
1439 1157 1611 1228 rationem:
1645 1151 1790 1222 Dicendo
1814 1171 1887 1244 pars
1907 1157 2014 1219 vestra
2034 1149 2120 1243 quia

683 1307 844 1393 quantum
867 1305 899 1368 et
923 1293 1089 1388 quomodo
1096 1335 1277 1362 ........
1295 1287 1336 1358 de
1359 1280 1535 1356 substantia
1558 1278 1714 1350 nominati
1733 1277 1858 1350 domini
1882 1276 2033 1348 iohannis
2055 1278 2119 1348 lo-

683 1424 874 1498 ciservatori
897 1421 965 1492 sibe
989 1443 1047 1513 per
1071 1420 1273 1490 offertionem
1299 1425 1355 1486 aut
1378 1435 1436 1507 per
1459 1410 1686 1507 alioquolibet
1710 1407 1846 1478 modum
1868 1415 1975 1478 totum
1997 1416 2032 1476 et
2054 1405 2117 1476 in-

684 1567 814 1646 tegrum
837 1549 932 1622 robis
957 1557 989 1622 et
1013 1548 1047 1618 in
1070 1547 1237 1619 nominato
1265 1559 1369 1615 sancto
1391 1562 1488 1617 vostro
1513 1540 1709 1612 monasterio
1739 1536 1927 1632 pertineret.
1958 1559 1999 1608 eo
2023 1538 2116 1630 qnod

684 1680 811 1771 legibus
835 1688 867 1750 et
891 1677 1125 1748 rationaviliter
1147 1674 1229 1745 illud
1252 1672 1425 1744 haberetis:
1451 1691 1525 1762 pars
1550 1676 1657 1738 autem
1673 1674 1781 1736 nostra
1795 1663 1960 1757 respondit
1976 1662 2116 1734 noento

684 1816 811 1876 utnon
846 1805 960 1874 caleret
995 1826 1102 1898 neque
1134 1823 1194 1872 vos
1227 1823 1331 1895 neque
1366 1798 1550 1870 nominatus
1586 1801 1714 1863 sanctus
1753 1801 1860 1862 vester
1899 1791 2116 1862 monasterius

685 1928 918 1999 rationaviliter
942 1929 1023 1998 illud
1045 1927 1166 1998 babere
1189 1934 1324 2019 propter
1347 1925 1436 2018 quod
1460 1922 1529 2014 ipse
1554 1920 1703 1991 dominus
1726 1916 1883 1990 iohannes
1900 1915 2114 1988 lociseceator

686 2077 744 2146 per
767 2077 862 2123 suum
886 2063 1113 2125 testamentum
1137 2049 1280 2120 firmavit
1304 2057 1432 2118 utnon
1455 2046 1589 2118 haberet
1612 2044 1775 2114 licentiam
1809 2043 1926 2138 aliquis
1962 2043 2002 2114 de
2039 2043 2113 2112 liliis

687 2184 815 2256 filiabus
838 2183 904 2256 suis
929 2185 980 2256 sel
1003 2184 1136 2254 illorum
1160 2181 1334 2252 heredibus
1358 2178 1474 2272 quavis
1497 2176 1651 2246 chartulis
1676 2176 1749 2246 aliis
1782 2173 1835 2246 vel
1858 2173 1979 2267 ubique
2009 2174 2114 2244 lacere

687 2743 716 2802 S.
746 2739 914 2816 Theodori,
937 2761 1015 2822 quae
1034 2741 1159 2802 Bonitus
1180 2732 1337 2800 Ecclesiae
1355 2738 1569 2818 neapolitanae
1595 2735 1798 2796 subdiaconus
1828 2757 1887 2796 sese
1914 2739 2116 2818 conscripsisse

687 2854 729 2912 ait
747 2852 867 2912 hortatu
887 2853 1034 2930 Gregorii
1056 2851 1319 2930 parthenopensis
1340 2851 1402 2909 loci
1422 2850 1600 2909 servatoris.
1628 2847 1745 2907 Eodem
1772 2849 1832 2907 boc
1856 2848 1948 2908 titulo
1973 2847 2115 2910 donatum

686 2963 775 3026 fuisse
788 2966 927 3047 Sergium
949 2966 979 3024 in
1000 2967 1073 3025 actis
1094 2965 1293 3025 translationis
1313 2966 1345 3024 S.
1365 2963 1520 3023 Athanasii
1541 2961 1674 3021 ostendit
1697 2961 1865 3022 Manochius
1894 2959 1971 3042 (De
1988 2973 2117 3022 sancto-

687 3101 761 3139 rum
781 3083 1002 3158 neapolitanae
1021 3080 1173 3141 eccleciae
1189 3080 1422 3160 Episcoporum
1442 3080 1530 3137 cultu
1557 3087 1577 3136 t.
1590 3080 1632 3136 II.
1657 3096 1734 3156 pag.
1755 3079 1819 3157 372
1842 3097 1872 3136 n.
1885 3075 1973 3158 (97])
1999 3075 2118 3138 adver-

686 3213 736 3252 sus
757 3192 981 3267 bollandistas,
1003 3193 1058 3272 qui
1079 3212 1134 3272 pro
1154 3190 1327 3252 huiusmodi
1356 3189 1448 3252 titulo
1474 3191 1513 3250 ab
1543 3191 1718 3250 amanuensi
1748 3189 1956 3272 praetermisso
1985 3188 2116 3250 verbum

675 3303 817 3376 florebat
835 3305 866 3362 in
887 3303 997 3362 iisdem
1027 3306 1102 3364 actis
1126 3303 1335 3385 reponendum
1360 3316 1511 3387 putarunt.
1547 3306 1607 3365 Hic
1633 3305 1755 3382 Sergius
1785 3323 1821 3364 ac
1850 3301 2015 3382 Gregorius
2040 3300 2115 3361 dicti

687 3414 751 3474 loci
770 3421 939 3474 seruatores
957 3413 1109 3474 Manocbio
1129 3415 1185 3474 visi
1213 3429 1302 3491 sunt,
1328 3415 1412 3496 quod
1443 3416 1635 3497 neapolitanis
1661 3415 1794 3475 Ducibus
1822 3415 1965 3476 vicariam
1993 3434 2113 3496 operam

686 3523 904 3605 praestiterint,
927 3545 961 3584 ac
983 3540 1139 3608 propterea
1160 3525 1341 3607 neapolitani
1361 3526 1424 3585 loci
1442 3535 1611 3585 servatores
1630 3524 1720 3583 iidem
1741 3525 1798 3584 sibi
1825 3524 1947 3585 luerunt
1975 3545 2009 3584 ac
2027 3525 2113 3587 vica-

685 3637 744 3708 rii,
766 3655 830 3696 non
850 3656 932 3697 secus
953 3657 989 3696 ac
1006 3636 1072 3696 loci
1088 3644 1227 3694 semotos·
1242 3636 1372 3697 (kmitis
1386 3649 1449 3696 crat
1465 3637 1527 3696 eius
1546 3636 1697 3711 vicarius,
1717 3637 1761 3695 uti
1783 3650 1862 3716 patet
1877 3657 1894 3695 e
1911 3634 1980 3717 lege
1995 3635 2114 3716 lango-

685 3746 846 3808 bardorum
868 3745 965 3829 (Lib.
979 3748 1008 3807 1.
1025 3747 1072 3805 tit.
1089 3746 1133 3806 25
1147 3745 1178 3829 ς.
1191 3742 1236 3826 78
1250 3743 1273 3826 ).
1290 3745 1408 3806 Verum
1422 3745 1603 3807 Muratorius
1621 3747 1696 3828 (A.
1710 3751 1760 3810 Μ.
1772 3751 1876 3808 Ali-t.
1889 3751 1918 3808 I.
1933 3744 2049 3808 dissert¹
2063 3751 2107 3821 X,

681 3879 758 3936 pag.
772 3859 840 3940 80)
865 3857 1022 3940 quoddam
1050 3860 1129 3919 inter
1146 3858 1377 3919 lociservatores
1387 3902 1396 3934 ‚
1418 3877 1454 3916 ac
1475 3855 1603 3916 vicarios
1625 3855 1783 3918 discrimen
1806 3859 1998 3920 intercessisse
2015 3862 2112 3940 arguit

685 3992 702 4032 e
724 3987 880 4053 praecepto
897 3972 1005 4030 Marini
1025 3971 1205 4053 neapolitani
1218 3971 1314 4032 Ducis
1321 4016 1330 4046 ,
1359 3969 1443 4052 quod
1462 3974 1586 4032 exhibet
1610 3971 1790 4032 Clrronicon
1809 3971 2011 4034 vulturnense
2039 3991 2114 4030 anno

685 4087 767 4164 9483
790 4083 937 4165 siquidem
957 4083 998 4142 ibi
1019 4082 1092 4142 Dux
1111 4082 1191 4143 idem
1211 4084 1334 4150 sanxit,
1355 4095 1391 4142 ut
1409 4101 1430 4140 a
1455 4083 1553 4142 nuliis
1572 4082 1769 4143 exactoribus
1794 4084 1927 4152 nostris,
1958 4081 2034 4143 idest
2053 4084 2116 4142 loci

684 4191 910 4265 servatoribus,
933 4190 1104 4264 Tribunis,
1128 4193 1268 4250 Vioariis
1289 4208 1343 4252 etc.
1366 4193 1446 4272 lpsos
1467 4207 1612 4275 praetcrea
1632 4192 1832 4277 neapolitanos
1861 4193 1924 4254 ioci
1944 4206 2113 4256 senatores

686 4301 824 4362 nonnihil
841 4301 973 4362 diversos
992 4321 1116 4382 quoque
1138 4303 1176 4362 ab
1196 4324 1248 4375 eo,
1271 4306 1325 4386 qui
1346 4304 1455 4364 Maior
1467 4305 1581 4383 populi
1597 4305 1786 4380 vocabatur,
1808 4307 1990 4365 existimavit
2005 4306 2111 4367 Pelle-

684 4416 810 4494 grinius,
832 4415 887 4496 qui
907 4414 987 4496 apud
1009 4414 1146 4474 eumdem
1161 4417 1360 4477 Muratorium
1375 4416 1386 4498 (
1401 4423 1478 4479 Rer.
1494 4418 1567 4478 Jtat.
1582 4419 1695 4498 Scapt.
1709 4428 1730 4480 t.
1744 4421 1789 4478 II.
1798 4429 1885 4500 part.
1901 4423 1930 4480 I.
1939 4439 2013 4498 pag.
2024 4417 2111 4501 339)

684 4529 845 4588 Maiorem
875 4528 991 4608 populi
1020 4529 1060 4587 ait
1088 4528 1180 4607 apud
1206 4531 1421 4609 neapolitanos
1451 4551 1513 4591 non
1533 4549 1660 4590 summo
1684 4535 1841 4610 imper-io,
1870 4532 1929 4592 sed
1946 4534 2035 4592 iuxta
2055 4531 2112 4592 de-

684 4639 871 4701 mandatam
890 4639 950 4700 sr'bi
974 4640 1199 4722 definitumque
1226 4653 1408 4722 potestatem
1436 4664 1485 4704 res
1509 4644 1659 4723 publicas
1684 4645 1944 4715 administrasse,
1974 4667 2013 4705 ac
2042 4647 2112 4704 eries

677 4765 808 4832 praeter
824 4767 948 4815 caetera
969 4775 1083 4814 munus
1093 4753 1195 4828 fuisse
1215 4757 1380 4833 vectigalia
1399 4755 1605 4838 redditusque
1627 4778 1738 4818 curare
1748 4780 1760 4827 ,·
1780 4763 1887 4837 ipsum
1911 4769 2018 4817 tamen
2038 4777 2110 4819 cen-

680 4859 810 4920 sendum
830 4883 893 4923 esse
913 4864 1063 4926 nonnihil
1081 4863 1243 4926 dr'vtreum
1263 4867 1303 4926 ab
1324 4885 1379 4939 eo,
1403 4867 1463 4947 qui
1479 4869 1576 4927 iatine
1597 4865 1656 4927 loci
1676 4882 1826 4942 servator,
1844 4887 1956 4945 graece
1976 4887 2108 4935 roam-

683 4969 768 5046 parde
789 4970 960 5035 dicebatur.
