4692 6512
564 1217 617 1261 sn.

551 1317 634 1378 sto.

1318 640 1464 736 (roo)

1302 919 1390 994 xev
1415 921 1426 1016 t
1452 923 1477 1015 ).

787 1177 883 1278 (2)†
908 1181 944 1249 ln
968 1179 1100 1252 nomine
1123 1177 1247 1250 domini
1263 1177 1315 1248 dei
1342 1176 1509 1250 salvatoris
1533 1175 1626 1248 ihesu
1642 1174 1779 1258 cbristi;
1807 1177 1875 1248 Nos
1899 1175 1948 1272 (3)
1975 1177 2110 1272 gisolfus

764 1647 808 1729 (ι)
829 1644 1016 1710 characteris
1036 1641 1210 1724 langobardi
1232 1647 1381 1726 specimen
1402 1663 1439 1704 ex
1458 1643 1515 1704 hoe
1546 1641 1709 1725 diplomate
1741 1640 1933 1724 desumptum
1963 1657 2044 1706 extat
2075 1645 2110 1702 in

683 1759 760 1820 Tab.
784 1761 839 1818 lll.
862 1779 892 1818 n.
913 1777 941 1818 2.

740 1891 745 1902 ·
763 1871 807 1956 (a)
828 1875 895 1934 Hoc
916 1869 1052 1953 diploma
1066 1869 1100 1932 iis
1113 1867 1327 1931 accensendum
1343 1882 1386 1930 est
1405 1867 1627 1940 monumentis,
1650 1887 1728 1950 quae
1749 1865 2001 1948 langobardorum
2013 1865 2108 1928 Prin-

683 1984 786 2066 cipum
807 1984 1022 2046 observantiam
1043 2002 1113 2063 erga
1132 1981 1286 2044 cathedras
1306 1979 1488 2064 episcopales
1517 1995 1547 2042 et
1571 1977 1737 2062 Episcopos
1764 1981 1842 2058 ipsos
1871 1991 2040 2052 testantur,
2075 1999 2110 2040 ac

683 2107 800 2156 tantum
820 2092 917 2154 laudis
939 2092 1137 2152 conditoribus
1159 2094 1219 2154 suis
1239 2091 1321 2174 apud
1350 2105 1481 2173 posteros
1503 2102 1697 2172 comparant,
1733 2103 1881 2172 quantum
1902 2087 2053 2150 dedecoris
2072 2108 2108 2148 ac

683 2202 889 2262 exsecrationis
908 2201 962 2262 sibi
993 2215 1170 2283 pepererunt
1193 2199 1369 2262 eorumdem
1396 2200 1576 2280 Principum
1602 2199 1747 2273 maiores,
1777 2201 1831 2279 qui
1857 2218 1912 2280 per
1936 2199 2109 2280 antiquiora

684 2315 802 2376 saecula
825 2315 943 2375 arianae
962 2314 1092 2374 haeresis
1111 2312 1179 2372 labe
1205 2311 1340 2386 imbuti,
1369 2309 1530 2373 catholicas
1558 2308 1737 2384 Ecclesiae,
1764 2306 1954 2390 Episcopos,
1979 2321 2009 2366 et
2028 2309 2105 2389 ipsos

684 2445 821 2486 romanos
842 2423 1002 2485 Pontifices
1015 2424 1147 2484 insectati
1166 2422 1299 2484 suerunt.
1318 2422 1394 2482 Heio
1408 2420 1531 2502 quidem
1547 2417 1679 2482 Gisolsus
1699 2418 1849 2500 plerisque
1870 2419 1979 2480 summi
1993 2419 2112 2500 imperii

684 2532 797 2592 iuribus
823 2551 881 2592 sese
907 2531 1028 2598 exsuit,
1055 2549 1149 2610 eaque
1179 2528 1366 2590 salemitano
1387 2529 1547 2611 Episcopio
1576 2527 1754 2609 impertitur.
1785 2528 1884 2588 Donat
1913 2526 1991 2585 enim
2011 2527 2034 2586 1.
2065 2545 2111 2589 res

684 2664 783 2705 omnes
804 2643 1070 2704 ecclesiasticorum
1086 2642 1218 2704 cuiusvis
1236 2639 1348 2706 ordinis
1365 2641 1543 2714 hominum,
1566 2640 1620 2722 qui
1648 2639 1713 2700 vita
1733 2652 1785 2698 aut
1805 2640 1982 2720 migrarant,
2004 2653 2057 2698 aut
2077 2640 2109 2698 in

684 2771 836 2836 posterum
856 2768 940 2815 erant
959 2755 1137 2836 migraturi,
1158 2773 1274 2816 necnon
1293 2767 1324 2817 et
1343 2773 1445 2816 eorum
1466 2751 1631 2829 adulteras;
1652 2753 1688 2814 ll.
1708 2771 1806 2814 servos
1820 2752 1970 2813 universos
1982 2749 2111 2834 Episco-

684 2869 734 2947 pio
755 2869 958 2949 mancipatos,
980 2881 1009 2927 et
1029 2865 1135 2928 liberas
1149 2865 1294 2927 faeminas
1305 2909 1314 2940 ,
1340 2885 1417 2948 quae
1437 2886 1540 2926 eorum
1561 2884 1667 2925 uxores
1688 2865 1867 2941 evasissent;
1889 2864 1945 2926 111.
1960 2883 2005 2923 res
2025 2883 2111 2924 mor-

684 2990 834 3057 tuorum,
866 2977 903 3039 de
924 2979 1033 3059 quibus
1053 2999 1106 3040 nos
1125 2978 1216 3038 verba
1236 2977 1361 3039 fecimus
1379 2997 1446 3060 pag.
1467 2977 1507 3039 62
1528 2976 1661 3038 adnotat.
1683 2977 1749 3062 (6);
1775 2977 1829 3041 tv.
1851 2979 1956 3039 eximit
1975 2979 2109 3041 homines

684 3087 806 3164 liberos,
828 3109 888 3148 non
910 3086 1054 3158 censiles,
1078 3107 1152 3168 quos
1173 3087 1368 3170 Episcopium
1388 3089 1557 3170 recepisset,
1581 3087 1619 3147 ab
1639 3088 1781 3164 angardis
1801 3107 1836 3148 ac
1854 3086 2037 3148 dationibus
2056 3107 2111 3172 pro

684 3199 858 3280 republica3
878 3197 918 3257 V.
943 3196 1077 3262 declaret
1100 3197 1291 3280 Episcopium
1312 3217 1347 3257 ac
1367 3197 1503 3278 quemvis
1523 3198 1585 3257 eius
1615 3197 1769 3258 hominem
1798 3199 1859 3260 sive
1879 3198 2112 3262 ecclesiasticum

686 3315 748 3371 sive
769 3309 950 3370 saecularem
967 3311 1122 3388 portatico
1142 3311 1241 3368 ubivis
1257 3308 1436 3371 exsolvendo
1449 3329 1508 3370 non
1528 3309 1691 3370 obnoxium
1711 3329 1787 3388 esse;
1808 3311 1849 3372 V.
1868 3312 2020 3393 Episcopii
2041 3333 2111 3374 cen-

686 3419 789 3480 silibus
808 3417 945 3478 eamdem
966 3419 1136 3500 impertitur
1160 3420 1401 3494 immunitatem,
1423 3439 1518 3501 quam
1538 3440 1628 3503 snpra
1648 3419 1749 3482 liberis
1771 3421 1938 3482 bominibus
1959 3441 2019 3481 non
2039 3441 2110 3484 cen·

686 3531 789 3592 silibus
810 3545 1006 3608 concesseram
1036 3533 1093 3592 vt.
1116 3531 1209 3593 listas
1228 3553 1316 3614 porro
1335 3531 1424 3594 babet
1442 3553 1541 3596 omnes
1561 3534 1777 3610 concessiones,
1798 3552 1872 3614 quas
1892 3531 2109 3615 aPrincipibus

687 3639 793 3702 Gisolfi
808 3641 1004 3702 decessoribus
1018 3639 1213 3723 Episcopium
1226 3640 1323 3708 fuerat
1337 3654 1538 3704 consecutum.

768 3755 801 3818 st
821 3755 859 3815 ad
880 3753 1010 3834 singulus
1033 3753 1204 3820 huiusmodi
1231 3755 1408 3816 donationes
1434 3776 1488 3838 pro
1509 3776 1543 3816 eo
1564 3776 1598 3816 ae
1619 3777 1673 3839 par
1694 3770 1788 3830 esset,
1822 3755 2016 3818 illustrandas
2037 3756 2104 3816 ani-

687 3885 769 3926 mum
791 3863 1030 3938 adverteremus,
1054 3863 1137 3924 nobis
1159 3879 1327 3947 temporum
1353 3865 1477 3925 illorum
1498 3864 1712 3926 ecclesiasticae
1733 3886 1767 3926 ac
1787 3866 1892 3927 civiles
1912 3864 2108 3928 consuetudi·

687 3995 758 4050 nes,
781 3987 811 4034 et
830 3972 1093 4054 Langobardorum
1114 3973 1192 4056 leges
1212 3974 1303 4056 longa
1334 3975 1463 4036 oratione
1490 3973 1728 4059 persequendae,
1754 3989 1782 4035 et
1808 3973 2036 4036 adnotationum
2056 3973 2106 4032 id·

688 4086 768 4146 circo
787 4083 896 4144 limites
915 4085 1184 4166 praetergrediendi
1213 4086 1320 4148 forent.
1347 4087 1537 4167 Quapropter
1557 4088 1686 4145 contenti
1706 4087 1815 4147 erimus
1834 4105 1930 4170 pauca
1950 4084 2103 4166 quaedam

689 4193 815 4272 carptim
844 4193 1008 4268 adnotare,
1037 4194 1274 4277 amplioremque
1294 4195 1381 4258 totius
1402 4193 1573 4277 diplomatis
1592 4195 1823 4263 illustrationem
1843 4197 1911 4258 aliis
1941 4197 2105 4278 antiquita·

689 4316 754 4364 tum
775 4301 808 4360 id
827 4321 918 4382 genus
937 4304 1160 4383 vestigatoribus
1180 4305 1393 4386 relinquemus.

768 4413 812 4498 (ὅ)
832 4417 899 4476 Non
914 4416 982 4476 satis
996 4417 1071 4480 inter
1085 4413 1217 4479 eruditos
1229 4418 1309 4480 viros
1323 4431 1458 4496 constat,
1474 4437 1536 4500 quo
1553 4439 1591 4480 ex
1607 4435 1740 4503 tempore
1757 4421 1955 4502 Imperatores
1971 4433 2000 4481 et
2013 4419 2108 4498 Reges

687 4529 717 4587 in
738 4525 896 4589 condendis
915 4525 1087 4608 diplomatis
1108 4548 1167 4589 sese
1189 4528 1363 4606 pronomine
1391 4533 1463 4592 Nos
1491 4527 1715 4611 compellarint.
1744 4529 1995 4592 Consuetudinem
2025 4544 2104 4590 certe

686 4641 771 4702 istam
786 4641 889 4720 priscis
903 4638 966 4700 illis
985 4638 1098 4699 Latinis
1118 4659 1236 4722 prorsus
1257 4638 1438 4720 incognitam
1458 4638 1544 4701 suisse
1566 4640 1686 4706 scimus.
1705 4641 1795 4723 Apud
1809 4657 1920 4706 nostros
1934 4663 2005 4704 vero
2025 4641 2108 4702 Lan·

684 4749 830 4834 gebardos
843 4772 878 4813 ea
893 4754 1011 4812 ineunte
1026 4750 1146 4812 saeculo
1154 4751 1239 4814 vtlt.
1254 4749 1382 4812 obtinuit
1396 4752 1428 4810 in
1442 4747 1615 4834 diplomatis
1630 4750 1752 4814 Ducum
1764 4756 1949 4829 Beneventi,
1967 4755 2019 4817 ubi
2032 4754 2108 4814 baec

685 4862 767 4924 adest
786 4863 988 4924 Intitulatio:
1018 4864 1090 4924 Nos
1106 4863 1158 4924 vir
1185 4863 1435 4925 Gloriosostmus
1450 4864 1496 4924 Ν.
1513 4880 1658 4923 summus
1671 4867 1752 4926 Dus·
1784 4867 1896 4926 Gerttr's
1917 4863 2108 4942 Langobar-

686 4971 807 5034 dorum.
834 4972 918 5040 ldem
938 4993 1105 5056 pronomen
1126 4976 1256 5040 occurrit
1274 4975 1304 5034 in
1325 4987 1427 5038 nostro
1446 4973 1504 5034 hoc
1534 4972 1700 5056 diplomate
1730 4972 1800 5038 licet
1820 4976 1909 5037 serius
1929 4977 2106 5058 conscripto.
