4616 6532
1546 670 1658 728 xxt11

229 804 409 889 Utinam
437 831 540 889 vero
584 801 918 917 unumquodque
961 806 1183 892 archivum
1217 809 1487 896 Chartarium
1530 842 1657 900 suum

231 947 285 1030 ad
305 967 489 1060 posteros
508 944 775 1058 prodidisset!
806 946 915 1030 Hinc
935 948 1047 1030 enirn
1069 977 1151 1032 non
1172 978 1306 1061 pauca
1327 951 1383 1036 ad
1410 951 1657 1042 inferiorum

231 1113 473 1204 temporum
514 1091 731 1176 historiam
771 1093 1051 1200 pertinentia,
1092 1093 1137 1176 in
1176 1123 1360 1206 quorum
1402 1099 1655 1207 ignoratione

230 1267 343 1322 nunc
371 1267 489 1346 aegre
518 1231 692 1346 quidem
722 1261 968 1338 versamur,
999 1234 1277 1320 condocefacti
1304 1237 1537 1326 fuissemus.

340 1381 430 1466 Etsi
473 1396 614 1461 autem
659 1393 825 1463 vetusta
854 1374 1075 1460 Chartaria
1112 1376 1305 1463 historiae
1343 1380 1575 1491 profuisse,
1606 1413 1654 1467 ac

227 1527 494 1636 primaevum
514 1518 730 1633 quoddam
750 1516 1116 1630 diplomaticarum
1137 1522 1429 1608 collectionum
1445 1527 1653 1637 specimen

228 1665 404 1748 extitisse
433 1663 477 1745 in
506 1658 688 1746 dubium
716 1661 902 1745 revocari
930 1689 1014 1744 non
1040 1663 1187 1774 possit,
1217 1693 1302 1748 non
1330 1693 1466 1750 unum
1510 1685 1652 1754 tamen

228 1805 507 1918 eumdemque
535 1801 661 1888 finem
691 1821 868 1919 utraque
895 1805 972 1890 sibi
999 1825 1316 1918 proposuerunt.
1339 1807 1416 1894 Illa
1435 1811 1548 1894 enirn
1568 1841 1653 1896 non

228 1953 353 2035 aliam
382 1951 437 2036 ob
464 1978 633 2034 causam
662 1969 833 2036 exarata
860 1949 1043 2055 fuerunt,
1075 1953 1152 2035 nisi
1171 1971 1218 2034 ut
1237 1971 1546 2038 asservarentur
1574 1985 1652 2067 pro

227 2090 589 2194 contrahentium,
621 2118 668 2174 ac
700 2090 903 2176 heredum
923 2092 1139 2175 securitate
1159 2093 1351 2204 exenrpla
1373 2091 1652 2205 autographo-

224 2265 340 2340 rum,
372 2263 555 2348 quorum
582 2236 741 2319 iactura
769 2266 821 2319 ex
850 2255 1091 2349 temporum
1119 2237 1289 2322 illorum
1317 2237 1549 2324 conditione
1576 2269 1651 2322 nec

226 2377 428 2485 difficilis,
457 2408 532 2462 nec
560 2377 801 2492 infrequens
829 2379 1047 2462 evadebat.
1078 2380 1387 2490 Diplomaticae
1408 2409 1507 2465 vero
1527 2381 1651 2464 colle-

224 2526 375 2612 ctiones
402 2521 481 2606 hac
508 2541 646 2608 mente
674 2540 884 2634 susceptae
903 2520 1095 2626 fuerunt,
1126 2540 1173 2605 ut
1192 2551 1263 2626 ea,
1293 2551 1477 2635 quornm
1497 2523 1651 2607 intelli-

222 2668 404 2776 gentiam
433 2697 486 2750 ex
515 2664 777 2776 autographis
805 2694 891 2750 non
919 2667 1066 2767 cuivis,
1098 2695 1174 2750 nec
1200 2668 1287 2752 sine
1305 2695 1457 2776 magno
1486 2696 1534 2750 ac
1554 2667 1652 2752 diu-

220 2831 345 2896 turno
382 2811 524 2898 labore
561 2810 723 2922 assequi
761 2809 934 2913 liceret,
975 2811 1087 2922 typis
1132 2808 1332 2894 mandata
1369 2811 1646 2895 lectitantium

221 2955 412 3038 omniurn
439 2953 567 3037 oculis
595 2953 884 3037 obiicerentur.
914 2951 1005 3036 Hoc
1033 2951 1264 3040 studiorum
1302 2984 1455 3062 genus,
1484 2956 1647 3040 saeculo

219 3093 375 3182 XVIII
406 3122 631 3179 commune
672 3090 940 3194 admodum,
984 3121 1033 3176 ac
1067 3091 1444 3178 celebratissimum
1472 3093 1641 3194 evasit,

220 3265 297 3319 nec
326 3233 518 3343 deinceps
546 3233 601 3317 ad
629 3247 815 3316 nostram
844 3259 977 3343 usque
1006 3249 1185 3318 aetatem
1204 3228 1446 3344 quidquam
1474 3232 1642 3338 resedit,

219 3383 350 3464 immo
379 3403 480 3462 vero
509 3405 622 3460 nunc
650 3373 972 3478 vehementius,
1016 3403 1149 3488 quam
1178 3393 1328 3480 antea,
1359 3374 1607 3487 provehitur
1630 3409 1643 3484 3

224 3515 590 3633 quemadmodum
619 3516 839 3626 ingeniosis
867 3512 1076 3602 artificum
1111 3515 1316 3600 machinis
1345 3517 1510 3602 evenire
1541 3545 1643 3601 con-

221 3664 389 3766 suevit,
433 3692 543 3776 quac
570 3662 810 3764 nimirum,
848 3661 922 3745 ubi
950 3659 1077 3745 semel
1107 3663 1152 3744 vi
1185 3659 1388 3776 quapiam
1416 3663 1644 3747 concitatae

217 3807 414 3912 fuerunt,
444 3805 518 3890 diu
546 3835 622 3916 per
651 3809 882 3888 semoveri
912 3824 1126 3917 pergunt,
1169 3823 1211 3888 et
1251 3803 1508 3916 quandoque
1537 3805 1641 3889 cita-

217 3949 312 4035 tiori
333 4009 346 4052 ,
378 3977 509 4060 quam
530 3964 783 4057 coeperunt,
814 3973 939 4030 cursu
960 3944 1168 4027 feruntur.
1192 3941 1483 4044 Quamobrem
1505 3942 1539 4024 si
1559 3941 1639 4026 hoc

215 4109 338 4206 pacto
365 4120 450 4176 sese
477 4119 541 4175 res
579 4089 740 4173 diutius
778 4087 982 4191 habebit,
1027 4117 1100 4172 nos
1139 4089 1315 4172 minime
1356 4086 1636 4192 dubitamus,

216 4238 322 4348 quin
350 4252 543 4318 nostrum
571 4229 650 4316 hoc
679 4259 834 4316 aevum
863 4231 905 4313 in
940 4229 1182 4315 huiusmodi
1211 4229 1449 4316 studiorum
1476 4233 1637 4317 ratione

217 4379 292 4462 vix
311 4394 384 4461 aut
406 4403 458 4459 ne
478 4377 554 4458 vix
575 4371 748 4487 quidem
776 4369 937 4486 aliquid
956 4369 1095 4456 adhuc
1114 4369 1396 4458 hauriendum
1416 4372 1637 4486 insequen-

214 4519 322 4606 tibus
350 4518 610 4632 temporibus
638 4516 867 4628 relinquat.

324 4662 494 4765 Quanta
540 4658 636 4743 inde
684 4658 968 4742 emolumenta
1013 4659 1230 4742 universae
1272 4687 1401 4770 prope
1454 4656 1636 4770 discipli-

212 4839 289 4892 nae
317 4808 644 4922 indipiscantur,
674 4805 764 4890 heic
792 4806 911 4889 nobis
938 4834 1041 4916 opus
1068 4834 1153 4888 non
1194 4821 1252 4888 est
1292 4803 1481 4916 pluribus
1522 4833 1637 4888 com-

210 4981 472 5056 memorare,
502 4979 601 5034 cum
635 4949 789 5060 egregie
832 4946 1091 5051 admodum,
1133 4975 1180 5032 ac
1218 4947 1313 5034 satis
1346 4977 1553 5062 superque
1582 4945 1634 5032 de
