4616 6532
1597 659 1658 720 XV

232 830 343 896 runt.
374 811 487 900 Cum
514 811 642 926 porro
671 807 967 898 Constantinus
996 809 1233 922 principem
1268 807 1451 894 Romani
1479 806 1654 921 Imperii

233 955 632 1069 sedemByzantium
646 955 928 1060 transtulisset,
941 984 992 1042 ex
1007 951 1252 1040 huiusmodi
1267 952 1436 1040 consilio
1448 955 1654 1059 manavit,

234 1093 1657 1211 utvinenla,quibusintersepopulicontinebantur,subindeexsol-

232 1261 445 1347 verentur,
475 1257 514 1324 et
528 1239 662 1326 omnis
675 1235 940 1348 superiorum
955 1251 1197 1351 temporum
1211 1233 1400 1324 laustitas
1416 1237 1582 1351 penitus
1596 1239 1656 1324 la-

233 1381 525 1468 befactaretur.
546 1378 840 1464 Acerbissimas
854 1405 953 1463 vero
967 1378 1237 1484 calamitates,
1253 1379 1408 1491 quibus
1422 1380 1658 1492 Imperium

234 1523 551 1638 pessumdatum
582 1521 696 1626 fuit,
728 1550 813 1608 non
840 1517 967 1606 modo
995 1553 1019 1606 e
1047 1518 1330 1608 barbarorum
1350 1523 1566 1628 adventu,
1588 1550 1659 1606 ve-

234 1697 333 1756 rum
362 1671 490 1754 etiarn
519 1694 573 1752 ex
604 1668 732 1780 ipsius
759 1664 933 1778 Imperii
961 1662 1198 1752 conditione
1232 1665 1445 1778 profectae
1473 1665 1658 1752 luerunt.

234 1815 347 1900 Nam
376 1812 480 1896 vitia
508 1827 599 1894 tum
631 1809 910 1921 Principum,
957 1825 1051 1889 tum
1089 1833 1271 1909 eorum,
1315 1809 1469 1920 quibus
1516 1836 1660 1892 rerum

235 1956 507 2072 publicarum
527 1952 834 2038 administratio
854 1948 1187 2036 demandabatur
1197 2013 1210 2054 ,
1231 1978 1392 2034 necnon
1410 1969 1452 2035 et
1471 1950 1659 2036 militum

236 2126 285 2182 ac
305 2115 561 2181 caeterorum
590 2094 764 2196 civium,
786 2092 1003 2176 Romanae
1024 2089 1174 2176 ditioni
1203 2090 1416 2177 excidium
1443 2091 1662 2204 undequa-

236 2266 320 2350 que
348 2235 569 2347 parabant.
602 2232 669 2318 Ex
698 2230 778 2318 hac
805 2259 974 2316 morum
1003 2229 1319 2344 depravatione,
1350 2260 1459 2346 quae
1479 2231 1662 2344 singulos

236 2383 282 2466 in
311 2379 396 2466 dies
422 2378 547 2464 latius
574 2377 912 2491 prorumpebat,
946 2377 1160 2464 evertendi
1196 2380 1326 2490 ipsius
1366 2378 1540 2490 Imperii
1583 2407 1657 2490 op·

236 2522 538 2635 portunitatem
573 2518 687 2606 ultro
715 2519 894 2606 Barbari
936 2521 1222 2634 arripuerunt.
1270 2523 1460 2634 Ingentes
1504 2523 1662 2608 horum

235 2662 412 2775 copiae,
444 2687 626 2771 quarum
655 2663 835 2773 impetus
862 2661 1078 2750 Romanae
1104 2664 1213 2750 acies
1233 2663 1333 2748 olim
1355 2663 1552 2773 singulari
1572 2665 1655 2752 for-

236 2799 412 2887 titudine
439 2801 494 2886 ab
522 2800 695 2912 Imperii
722 2799 874 2886 finibus
892 2802 1202 2914 propulsarent,
1224 2805 1311 2892 iam
1332 2820 1435 2890 tunc
1456 2834 1504 2888 eo
1525 2803 1658 2890 liden-

238 2944 362 3030 tiores
389 2959 638 3046 evaserunt,
669 2972 755 3060 qun
783 2944 912 3053 magis
940 2947 1167 3032 victoribus
1195 2948 1362 3032 animus
1408 2946 1656 3054 defecerat3

235 3120 285 3178 ac
311 3086 522 3202 plurimae
551 3115 698 3173 earum
739 3121 814 3201 per
852 3088 1141 3174 Bessarabiam
1184 3117 1233 3172 ac
1276 3090 1528 3176 Danubium
1573 3093 1657 3178 iter

237 3231 441 3336 molitae,
473 3232 516 3316 in
543 3233 787 3318 Romanum
830 3229 1098 3345 Imperium,
1144 3257 1230 3344 qua
1272 3233 1401 3342 magis
1443 3231 1663 3320 infirmum

240 3376 452 3488 magisque
495 3393 659 3486 praeter
700 3379 1031 3488 expectationem
1079 3376 1245 3491 aggredi
1285 3396 1483 3492 possent,
1528 3379 1664 3466 instar

238 3521 432 3608 amnium
459 3521 672 3606 montibus
699 3519 1012 3606 decurrentium
1047 3537 1317 3631 proruerunt.
1356 3521 1425 3608 Ex
1453 3525 1553 3638 ipsis
1580 3524 1662 3609 cla-

237 3663 389 3772 dibus,
426 3692 531 3779 quas
559 3696 643 3752 non
670 3695 767 3752 raro
793 3694 937 3778 passae
964 3688 1096 3771 sunt,
1126 3664 1320 3755 fortiores
1347 3665 1571 3782 prodiere,
1607 3669 1662 3753 si-

237 3828 310 3894 cut
338 3809 441 3896 olim
469 3809 663 3922 Hydram
685 3837 708 3892 e
726 3825 882 3894 resecto
910 3837 1082 3920 corpore
1100 3809 1306 3894 acriorem
1328 3826 1517 3894 renatam
1539 3807 1663 3896 fuisse

237 3970 477 4038 commenta
504 3966 564 4036 est
591 3949 830 4062 antiquitas.
859 3949 970 4034 Cum
1000 3945 1152 4034 deinde
1170 3948 1348 4062 quidam
1375 3955 1664 4064 aseptentrin·

240 4092 407 4178 nalibus
435 4090 547 4176 bisce
575 4091 741 4204 populis
768 4116 847 4201 pro
875 4089 1077 4174 Romania
1103 4087 1303 4176 adversus
1329 4091 1432 4180 alios
1455 4092 1661 4180 Barbaros

238 4250 404 4320 strenue
431 4250 691 4346 pugnassent,
723 4231 821 4344 ipsis
848 4229 1123 4344 Imperatores
1150 4233 1313 4347 elargiti
1337 4233 1526 4342 fuerunt,
1549 4239 1664 4350 quod

240 4380 327 4466 iam
354 4375 559 4491 denegare
586 4375 705 4463 haud
733 4398 960 4492 poterant,
993 4409 1110 4492 agros
1136 4382 1342 4465 nimirum
1371 4383 1447 4468 ubi
1477 4385 1662 4470 conside-

241 4541 346 4614 rent.
375 4521 487 4608 Hinc
516 4518 720 4628 Galliam,
754 4523 1030 4637 Hispaniam,
1058 4526 1323 4612 Britanniam
1352 4557 1401 4614 ac
1428 4530 1666 4643 complures

242 4667 345 4754 alias
372 4669 556 4780 regiones
582 4667 767 4754 Romani
796 4668 1059 4777 amiserunt,
1098 4699 1204 4786 quas
1242 4701 1392 4758 eorum
1433 4675 1665 4763 maioribus

244 4811 497 4900 fortissimae
524 4813 628 4901 olim
657 4812 833 4928 legiones
865 4811 1073 4902 diuturnis
1109 4818 1379 4934 cruentisque
1416 4819 1535 4908 bellis
1572 4821 1668 4906 vin·

244 4954 448 5044 dicarant.
480 4957 544 5046 Ita
572 4989 673 5048 vero
700 4959 964 5076 provincias,
994 4961 1212 5077 quaesibi
1239 4964 1427 5080 reliquae
1455 4985 1591 5075 erant,
1622 4967 1666 5052 in
