4692 6512
897 631 1045 728 (115)

250 824 291 870 ex
316 799 380 872 alio
404 799 506 870 latero
528 803 615 867 terra
639 793 764 866 domini
788 791 963 864 theofilacti
986 791 1048 862 thii
1072 792 1188 863 nostri.
1215 799 1247 862 et
1280 795 1320 864 de
1348 815 1416 866 uno
1449 795 1553 888 capite
1586 802 1673 866 terra

251 927 403 998 iohannis
427 925 489 996 thii
512 921 616 994 nostri
639 921 699 994 filii
724 919 849 991 domini
873 921 1012 991 mastali.
1039 919 1080 990 ad
1097 942 1176 990 vcro
1201 919 1265 990 alio
1290 923 1394 1016 capite
1417 931 1504 994 terra
1527 922 1676 994 iohannis

249 1049 435 1120 barunculi.
462 1048 524 1118 alia
549 1069 630 1118 vero
653 1045 740 1141 petia
764 1047 853 1138 quod
878 1054 927 1114 est
950 1045 985 1114 in
1008 1046 1066 1116 illo
1088 1046 1162 1118 ribo
1178 1048 1226 1118 De
1248 1047 1368 1142 quihus
1384 1047 1467 1118 nihil
1482 1047 1576 1119 nohis
1590 1048 1678 1119 intus

250 1178 432 1249 nominatas
455 1173 658 1247 coherentias
686 1196 747 1246 nec
772 1175 811 1246 de
835 1174 1002 1245 nominata
1024 1173 1112 1267 petia
1135 1198 1201 1268 qne
1225 1184 1274 1244 est
1297 1175 1331 1244 in
1347 1173 1419 1268 ipso
1435 1175 1508 1248 ribo
1523 1177 1678 1250 remansit

251 1315 308 1376 aut
332 1305 569 1378 reservavimus
593 1327 652 1376 nec
675 1303 710 1374 in
734 1304 870 1374 alienam
894 1325 1066 1396 personam
1090 1303 1313 1375 commisimus
1337 1313 1540 1398 potestatem.
1569 1306 1617 1375 lta
1639 1313 1677 1376 ut

251 1432 294 1500 ha
316 1453 402 1502 nunc
427 1439 460 1500 et
482 1429 632 1521 deinceps
647 1427 887 1521 prenominatae
902 1426 1044 1519 integras
1063 1427 1144 1497 duas
1160 1428 1262 1521 petias
1278 1439 1404 1502 nostras
1419 1433 1460 1503 de
1476 1442 1579 1503 terras
1595 1453 1677 1524 quas

249 1567 409 1626 vocantur
432 1531 464 1624 et
487 1551 621 1644 ponitur
658 1552 671 1622 i
704 1551 912 1646 nepetianum
936 1551 972 1622 in
994 1575 1078 1644 capu
1101 1552 1142 1622 de
1166 1554 1252 1624 clibo
1281 1557 1406 1626 maiore
1429 1557 1522 1625 iuxta
1551 1556 1676 1648 galloro

249 1707 315 1754 una
338 1706 420 1756 vero
443 1707 487 1754 ex
510 1707 548 1754 ea
572 1681 713 1776 qualiter
736 1705 794 1774 per
817 1680 1000 1752 nominatas
1023 1679 1226 1753 coherentias
1262 1685 1355 1756 vohis
1379 1709 1417 1758 ea
1440 1685 1676 1758 insinuavimus

251 1811 312 1879 alia
338 1831 417 1882 vero
442 1807 504 1878 sita
537 1807 572 1878 in
606 1808 679 1900 ipso
706 1805 780 1876 ribo
812 1816 967 1901 utrasque
999 1830 1076 1878 cum
1110 1806 1280 1880 arvoribus
1315 1819 1348 1878 et
1380 1809 1529 1880 introitas
1563 1831 1677 1880 carum

250 1937 468 2032 omnibusque
492 1937 540 2008 cis
562 1936 798 2029 pcrtinentibus
821 1939 909 2010 unde
931 1935 1015 2007 nihil
1036 1937 1130 2007 nohis
1154 1938 1271 2008 exinde
1295 1937 1534 2008 reservavimus
1568 1943 1616 2006 set
1640 1937 1675 2005 in

251 2065 382 2158 integro
406 2065 491 2134 sicut
514 2065 662 2158 superius
685 2065 805 2156 legitur
828 2062 957 2132 anobis
973 2062 1065 2133 vobis
1081 2065 1312 2156 nominataque
1330 2074 1435 2134 vestre
1460 2061 1595 2134 ecclesie
1611 2063 1676 2134 sint

250 2193 375 2263 oblatas
398 2215 457 2287 per
480 2215 596 2263 manus
620 2201 675 2262 tua
699 2189 859 2260 nominati
883 2190 1006 2261 domini
1027 2193 1134 2262 mauri
1157 2191 1350 2263 venerahilis
1371 2190 1540 2283 presbiteri
1566 2190 1601 2259 in
1620 2199 1677 2260 tua

248 2316 452 2412 posterisque
469 2318 533 2387 tuis
547 2317 612 2387 sint
631 2325 787 2410 potestate
804 2325 837 2386 at
851 2315 1037 2386 habendum
1053 2316 1101 2386 ihi
1116 2317 1187 2387 illas
1204 2317 1238 2386 in
1257 2315 1500 2409 sempiternum.
1518 2327 1551 2387 et
1566 2340 1675 2410 neque

250 2441 388 2512 anobis
412 2439 580 2511 nominato
615 2439 755 2510 iohanne
789 2449 822 2511 et
855 2438 1012 2532 stephano
1044 2463 1102 2511 seu
1125 2440 1349 2512 theodonanda
1384 2441 1518 2513 honesta
1552 2440 1674 2511 lemine

250 2593 405 2664 germana
430 2593 506 2642 cum
529 2569 696 2642 voluntate
719 2569 880 2640 nominati
903 2569 1029 2640 domini
1061 2571 1161 2664 sergii
1188 2579 1222 2640 et
1245 2571 1369 2640 domini
1393 2571 1511 2639 marini
1536 2568 1678 2663 genitori

250 2709 283 2768 et
308 2699 438 2794 cognati
462 2719 519 2770 sen
542 2697 607 2768 viri
630 2697 734 2768 nostri
756 2719 863 2788 neque
888 2721 906 2764 a
929 2696 1048 2766 nostris
1064 2695 1237 2766 heredibus
1260 2719 1321 2766 nec
1344 2695 1473 2765 anobis
1497 2693 1676 2764 summissis

248 2829 394 2924 personis
417 2828 508 2898 nullo
532 2835 679 2921 ternpore
699 2847 879 2919 numquam
904 2835 940 2893 tu
960 2824 1145 2894 nominatus
1161 2847 1295 2896 maurus
1310 2823 1503 2896 venerabilis
1517 2823 1676 2917 presbiter

249 2970 306 3032 aut
329 2958 466 3053 posteris
491 2957 554 3027 tuis
578 2979 638 3026 nec
662 2954 828 3026 nominata
855 2951 988 3025 ecclesia
1017 2953 1118 3022 sancti
1146 2953 1252 3025 seheri
1283 2952 1428 3024 habeatis
1458 2951 1576 3024 exinde
1606 2951 1676 3022 ali-

248 3090 381 3185 qnando
405 3109 613 3183 quacumque
637 3084 855 3178 requesitione
879 3106 937 3175 per
959 3081 1087 3153 nullum
1103 3085 1238 3154 modum
1259 3083 1294 3152 in
1318 3089 1532 3174 perpetuum:
1560 3079 1617 3152 scd
1640 3089 1677 3150 tu

250 3225 284 3285 et
306 3213 442 3308 posteris
466 3212 530 3282 tuis
554 3211 597 3281 ha
620 3231 707 3279 nnnc
731 3218 764 3281 et
788 3207 824 3278 in
846 3215 1041 3301 perpetuum
1075 3229 1188 3277 ornnes
1220 3207 1432 3278 eodommada
1468 3209 1509 3278 ad
1544 3207 1677 3278 nomine

249 3342 418 3414 nominate
443 3362 596 3434 germane
619 3344 727 3408 nostre
750 3336 785 3407 in
807 3337 922 3432 quinta
944 3333 1025 3407 lcria
1048 3333 1165 3405 exinde
1188 3357 1303 3407 canere
1320 3334 1462 3406 debeatis
1477 3335 1574 3406 missa
1596 3359 1674 3406 una.

251 3481 283 3540 et
299 3469 481 3541 nullatenus
497 3476 697 3562 presummet
719 3475 757 3536 tu
776 3473 833 3535 aut
847 3464 985 3560 posteris
1009 3463 1074 3535 tuis
1091 3473 1147 3535 aut
1162 3463 1224 3534 alia
1240 3465 1355 3558 quavis
1369 3485 1506 3556 persona
1523 3463 1681 3546 nomina-

252 3609 299 3671 tas
323 3599 402 3670 duas
427 3611 527 3670 terras
551 3621 570 3665 a
593 3602 751 3688 potestate
774 3603 807 3667 et
830 3595 1020 3666 condicione
1044 3593 1209 3664 nominate
1233 3591 1366 3664 ecclesie
1400 3591 1590 3664 subtrahere
1619 3600 1676 3660 aut

249 3726 402 3797 alienare.
428 3732 463 3795 et
495 3722 524 3791 si
556 3721 621 3792 hoc
654 3722 759 3791 lacere
792 3718 1029 3813 presumseritis
1058 3727 1136 3788 tunc
1160 3717 1250 3788 omni
1275 3725 1421 3810 tempore
1445 3717 1542 3786 liceas
1565 3738 1624 3785 nos
1647 3727 1681 3788 et

249 3855 385 3925 heredes
408 3849 527 3920 nostris
547 3869 601 3919 eas
620 3847 837 3942 appreendere
859 3848 943 3918 etin
961 3848 1074 3918 eadem
1098 3843 1231 3917 ecclesia
1255 3867 1308 3915 eas
1324 3843 1478 3914 rebocare
1496 3843 1535 3912 ad
1553 3841 1681 3912 haben-

250 3982 330 4051 dum
353 3977 400 4049 ihi
424 3975 494 4046 ibas
517 3975 552 4046 in
576 3975 809 4068 sempiternum
824 3975 910 4058 Quia
934 3973 979 4043 ita
1003 3973 1098 4044 nobis
1122 3971 1321 4065 complacui:
1348 3969 1383 4040 Si
1406 3979 1515 4042 autem
1539 3993 1599 4040 nos
1624 3979 1680 4040 aut

249 4106 384 4176 heredes
407 4102 526 4174 nostris
550 4101 669 4196 quovis
699 4109 846 4194 ternpore
869 4109 980 4171 contra
1005 4101 1089 4172 hanc
1112 4099 1292 4171 chartulam
1312 4097 1484 4169 oblationis
1510 4107 1547 4170 ut
1579 4121 1677 4190 super

250 4233 370 4326 legitur
399 4229 512 4302 venire
545 4230 812 4323 presumserimus
837 4251 896 4321 per
929 4229 1047 4325 quovis
1070 4228 1204 4298 modum
1238 4237 1294 4296 aut
1317 4227 1496 4296 summissis
1520 4225 1678 4318 personis.

249 4369 327 4428 tunc
350 4355 577 4450 componimus
614 4353 673 4425 tibi
709 4353 912 4448 posterisque
942 4355 1007 4424 tuis
1043 4356 1275 4449 nominataque
1309 4363 1414 4424 vestre
1444 4352 1577 4424 ecclesie
1610 4352 1682 4422 anri

251 4483 373 4554 solidos
396 4481 514 4574 viginti
549 4480 731 4576 bytianteos
766 4489 800 4550 et
827 4481 889 4550 hcc
920 4481 1068 4552 chartula
1091 4479 1232 4575 qualiter
1256 4476 1399 4549 continet
1424 4477 1518 4546 firma
1550 4501 1684 4570 perma-

252 4618 327 4680 neat
349 4607 384 4678 in
408 4616 611 4701 perpetuum.
636 4607 754 4700 scripta
777 4628 836 4701 per
861 4627 976 4678 manns
999 4605 1148 4678 iohannis
1172 4603 1303 4676 curialis
1327 4627 1385 4698 per
1414 4604 1590 4675 indictione
1615 4625 1682 4671 no-

252 4737 372 4808 minata
396 4732 636 4828 duodecima

349 4861 422 4932 Hoc
445 4861 579 4952 signum
658 4881 772 4929 manus
796 4859 960 4929 nominate
986 4858 1209 4931 theodonandc
1233 4881 1308 4928 cum
1333 4857 1498 4929 voluntate
1519 4855 1678 4926 nominati

255 4989 319 5058 viri
344 4986 394 5057 sui
419 5009 480 5080 ego
504 4986 563 5080 qui
588 4985 771 5055 nominatos
796 5009 856 5079 pro
882 4985 912 5056 ei
937 4984 1112 5078 subscripsi

1279 5109 1295 5146 st
