4692 6512
1307 647 1449 744 (rao)

669 819 869 890 abuissemus
893 812 1071 884 iudicatum
1095 817 1144 881 est
1168 807 1336 880 internos
1358 817 1397 876 ut
1419 805 1542 876 iuraret
1564 824 1701 896 persona
1725 809 1782 870 tua
1805 799 1964 870 nominati
1992 820 2090 868 cam-

674 944 744 1037 puli
761 941 843 1012 mibi
859 947 892 1010 et
915 937 1022 1008 dicere
1038 934 1116 1029 quia
1139 932 1223 1004 inira
1239 931 1403 1002 nominate
1429 945 1513 1001 terre
1537 939 1644 1000 vestre
1666 937 1700 998 et
1723 926 1812 998 intus
1830 925 1898 1019 ipse
1927 925 2092 998 coheren-

673 1068 722 1136 tie
738 1073 896 1158 quantum
911 1061 980 1156 ipse
997 1057 1142 1130 chartule
1166 1065 1272 1126 vestre
1296 1055 1440 1124 continet
1462 1051 1508 1121 ibi
1526 1074 1592 1122 non
1619 1049 1819 1120 abuissemus
1838 1047 1922 1118 inira
1935 1049 2094 1118 nomina-

672 1195 722 1257 tos
745 1185 991 1281 quadragintam
1014 1205 1115 1254 annos
1139 1181 1270 1276 quando
1302 1177 1487 1248 lavoratum
1520 1176 1583 1247 [urit
1613 1184 1647 1244 et
1678 1195 1739 1244 nos
1770 1192 1967 1266 poneremus
1998 1171 2092 1242 vobis

669 1313 786 1384 exinde
808 1334 869 1380 auc
892 1311 1083 1384 securitate:
1109 1309 1198 1402 quod
1213 1315 1246 1377 et
1260 1307 1381 1377 iactum
1405 1315 1453 1376 est
1476 1313 1509 1374 et
1532 1325 1606 1374 ecce
1629 1301 1664 1373 in
1687 1298 1828 1394 presenti
1847 1297 1956 1391 recepi
1972 1323 1990 1368 a
2006 1321 2089 1392 per-

670 1460 747 1507 sona
763 1447 819 1506 tua
834 1434 1038 1506 nominatum
1052 1443 1293 1526 sagramentum
1309 1432 1434 1504 dicente
1449 1429 1532 1500 mibi
1547 1438 1585 1500 ut
1600 1427 1749 1522 superius
1772 1425 1952 1496 annuntie
1979 1435 2011 1494 et
2028 1426 2093 1496 de-

671 1563 835 1636 finivimus
857 1561 974 1634 exinde
997 1560 1167 1634 vobiscum
1191 1568 1225 1631 et
1257 1581 1333 1630 cum
1367 1557 1502 1632 heredes
1532 1565 1657 1628 vestros
1681 1554 1716 1626 in
1739 1553 1893 1625 omnibns
1916 1562 1949 1625 et
1972 1555 2089 1624 amodo

671 1697 704 1758 et
727 1707 854 1778 semper
881 1705 1061 1778 numquam
1084 1705 1272 1778 presummo
1306 1705 1370 1776 ego
1401 1693 1458 1755 aut
1481 1691 1629 1778 posterus
1663 1680 1717 1752 vel
1751 1679 1937 1750 nominatus
1964 1691 2092 1750 sanctus

671 1834 764 1884 mens
787 1811 1020 1884 monasterium
1036 1811 1131 1883 vobis
1156 1812 1338 1907 vestrisque
1353 1812 1527 1885 heredibus
1543 1811 1660 1884 exinde
1677 1810 1718 1882 de
1734 1807 1939 1880 nominatum
1954 1809 2090 1880 temdum

671 1951 704 2011 et
727 1939 767 2010 de
790 1939 954 2012 nominate
977 1947 1064 2012 terre
1087 1938 1261 2035 aliqnando
1285 1951 1431 2033 tempore
1454 1962 1591 2034 querere
1614 1961 1680 2032 que
1711 1961 1770 2032 per
1793 1937 1921 2008 nullum
1954 1940 2089 2012 modum

671 2069 706 2138 in
731 2079 924 2161 perpetuum
946 2068 1026 2162 quia
1040 2068 1086 2139 ita
1100 2068 1195 2139 nobis
1209 2067 1387 2142 iudicatum
1411 2077 1482 2140 est:
1507 2067 1542 2138 Si
1561 2075 1670 2140 autem
1686 2065 1804 2161 quobis
1820 2075 1965 2160 tempore
1983 2079 2094 2140 contra

673 2534 713 2594 ab
733 2556 792 2612 eo,
814 2537 897 2619 quod
918 2538 1150 2602 observavimus
1169 2561 1236 2626 pag.
1252 2543 1290 2624 57
1306 2539 1405 2602 adnot
1419 2541 1476 2625 (a).
1490 2543 1598 2604 Petrus
1619 2537 1788 2602 monasterii
1804 2537 1834 2600 S.
1849 2538 1980 2600 ianuarii
2000 2537 2099 2598 Abbas

674 2645 832 2707 contendit
853 2647 892 2706 ad
913 2669 1001 2707 suum
1022 2663 1159 2730 spectare
1179 2654 1394 2712 monasterium
1415 2649 1567 2732 quaedam
1592 2671 1608 2709 e
1637 2648 1790 2732 praediis,
1822 2667 1902 2729 quae
1933 2646 2099 2730 Campulus

672 2778 708 2817 ac
728 2759 897 2840 Stephanus
918 2757 1121 2841 possidebant.
1141 2759 1185 2818 Hi
1206 2777 1308 2820 tamen
1328 2762 1419 2820 ambo
1440 2758 1667 2835 adfirmabant,
1687 2779 1729 2818 ex
1750 2779 1812 2838 quo
1841 2759 1947 2818 eadem
1978 2757 2098 2840 praedia

673 2865 735 2928 coli
755 2883 859 2951 coepta
879 2867 999 2929 fuerant
1010 2914 1020 2945 ,
1039 2867 1162 2930 scilicet
1174 2869 1242 2932 XL.
1262 2887 1411 2929 annorum
1426 2867 1523 2949 spatio
1544 2887 1642 2949 neque
1656 2866 1803 2927 Abbatenr
1817 2885 1918 2948 neque
1939 2868 2099 2928 monachos

672 2979 787 3041 ibidem
809 2979 985 3042 dominatos
1006 2979 1104 3042 inisse.
1124 2981 1156 3044 si
1177 2981 1265 3043 nobis
1285 2981 1410 3063 posthac
1430 2994 1461 3042 et
1480 2979 1542 3040 alia
1564 3001 1624 3040 sese
1644 2979 1786 3040 obiicient
1806 2978 2003 3057 documenta,
2021 3003 2100 3064 quae

675 3089 794 3148 omnino
814 3089 959 3152 suadeant
978 3090 1049 3152 XL.
1073 3111 1189 3166 annos,
1212 3111 1345 3174 quorum
1366 3089 1481 3150 mentio
1501 3089 1597 3149 estin
1619 3089 1677 3148 hoc
1695 3088 1917 3164 instrumento,
1944 3089 2100 3170 accipien-

676 3198 730 3262 dos
750 3222 812 3262 esse
832 3221 889 3284 pro
909 3203 992 3263 annis
1011 3223 1074 3265 non
1113 3203 1359 3264 contrahentium
1379 3200 1563 3280 voluntate,
1596 3199 1648 3262 sed
1666 3201 1732 3263 iure
1757 3198 1905 3278 definitis,
1928 3198 2102 3260 huiusmodi

675 3313 913 3395 praescriptionis
932 3314 1077 3394 originem
1097 3333 1157 3375 non
1178 3315 1212 3374 in
1232 3313 1524 3395 Langobardorum,
1547 3315 1651 3376 sedin
1672 3315 1826 3378 lastiniani
1846 3312 1963 3395 legibus
1984 3333 2101 3396 compe-

675 3425 795 3484 n'emus.
813 3421 935 3484 Etenim
956 3423 1110 3508 histolpbi
1130 3425 1250 3506 legibus
1271 3423 1487 3508 (Gap-IX.)
1508 3426 1668 3488 cavebatur
1688 3439 1724 3485 nt
1743 3425 1768 3486 si
1788 3427 1855 3508 quis
1873 3427 1903 3484 in
1917 3443 2017 3486 rernm
2029 3445 2099 3507 pos·

675 3537 799 3598 sessione
822 3535 998 3599 turbaretur
1028 3536 1241 3600 acuatodr'bus
1261 3540 1403 3601 Iocomm
1433 3537 1681 3615 venerabilium,
1702 3537 1869 3601 dummodo
1891 3557 1952 3599 sese
1973 3557 2027 3621 per
2043 3539 2100 3599 tri·

675 3649 756 3728 ginta
776 3669 869 3710 annos
890 3649 1055 3732 possedisse
1076 3651 1180 3734 palam
1201 3649 1316 3714 faceret
1329 3695 1339 3728 ,
1369 3651 1456 3712 nulia
1486 3650 1654 3714 afficeretur
1683 3651 1830 3715 molestia.
1852 3652 1883 3714 si
1915 3669 2005 3734 porro
2028 3651 2098 3710 loca

675 3757 872 3819 venerabilia
892 3761 1018 3822 interae
1039 3763 1272 3838 contenderent,
1305 3762 1372 3822 satis
1391 3760 1560 3822 habebatur
1590 3781 1687 3821 unum
1707 3759 1849 3823 adversus
1874 3761 2005 3824 alterum
2026 3757 2096 3822 XL.

675 3887 820 3930 annornm
839 3870 1101 3952 praescriptionem
1122 3869 1269 3932 adserere.
1294 3871 1330 3930 ln
1351 3884 1454 3931 nostro
1474 3884 1574 3932 tannen
1591 3867 1775 3931 documento
1787 3870 2000 3930 monasterium
2015 3869 2099 3930 litem

674 3979 801 4058 privatis
819 3979 992 4040 hominibus
1025 3979 1169 4061 intendit;
1201 3982 1341 4063 quocirca
1370 3999 1430 4040 non
1449 3978 1530 4053 XL,
1561 3977 1614 4040 sed
1634 3978 1739 4041 XXX.
1771 3998 1920 4039 annorum
1954 3980 2098 4060 praescri-

675 4091 781 4170 ptione
802 4094 939 4174 quaestio
960 4091 1131 4155 dirimenda
1152 4093 1255 4155 fuisset
1284 4114 1321 4154 ex
1353 4091 1623 4176 Langobardorum
1654 4091 1781 4176 legibus.
1811 4091 1891 4152 Cum
1918 4110 1989 4152 vero
2019 4091 2102 4174 prior

674 4197 823 4260 advocata
844 4199 936 4260 suerit
954 4203 1174 4284 praescriptio,
1196 4201 1283 4264 fateri
1303 4215 1423 4284 oportet
1441 4203 1569 4264 maiores
1589 4216 1725 4279 nostros,
1749 4203 1822 4283 quia
1837 4221 1897 4262 non
1911 4199 2034 4282 vulgari
2046 4199 2101 4259 ob·

675 4308 825 4366 servarnia
844 4309 1027 4368 monasteria
1047 4309 1287 4387 venerabantur,
1309 4311 1401 4371 satius
1422 4309 1543 4372 duxisse
1558 4311 1660 4372 sectari
1681 4309 1828 4372 Novellaa
1843 4307 2098 4389 cll.(cap.1.),

675 4432 705 4478 et
726 4418 869 4480 CXXXI.
890 4418 902 4502 (
920 4423 993 4501 Cap.
1007 4425 1047 4483 V.
1062 4422 1088 4505 ),
1110 4423 1162 4483 ubi
1183 4435 1306 4486 cautum
1321 4423 1363 4482 ita
1382 4419 1462 4483 suit:
1485 4425 1636 4484 Iubemue
1654 4425 1689 4483 in
1703 4423 1848 4500 negotiis,
1863 4440 1949 4502 quae
1965 4419 2100 4480 antehae

675 4531 806 4610 triginta
820 4549 977 4594 annorum
992 4531 1170 4595 removebat
1189 4535 1340 4614 exceptio,
1363 4553 1449 4595 nuno
1470 4531 1699 4596 uenerabilibus
1711 4533 1868 4606 ecclesiia,
1899 4533 2100 4594 monasteriis

674 4658 703 4706 et
722 4647 929 4708 xenodochiis
936 4690 945 4723 ,
980 4665 1102 4708 necnon
1138 4647 1435 4730 orphanotrophiis,
1460 4659 1491 4710 et
1509 4646 1760 4728 brephotrophio
1790 4657 1821 4709 et
1847 4645 2103 4726 ptochotrophiis

675 4757 894 4838 quadraginta
913 4777 1073 4818 annorum
1088 4757 1260 4837 protelatio
1282 4757 1472 4835 conferatur
1490 4768 1547 4818 eto.
1561 4759 1630 4836 Quo
1649 4779 1716 4820 sane
1729 4758 1973 4841 praescriptionis
1987 4776 2100 4839 genere

672 4871 719 4929 ius
740 4869 902 4951 antiquum
922 4867 935 4951 (
953 4875 995 4934 L.
1013 4869 1069 4930 ult.
1094 4872 1127 4931 C.
1149 4866 1299 4946 descend.
1310 4868 1471 4952 patn‘m.)
1493 4871 1638 4934 revixisse
1658 4889 1676 4932 a
1697 4867 1885 4933 Gothosredo
1904 4867 2101 4931 animadver-

676 4996 741 5038 sum
761 4977 827 5042 tuit.
