4658 6508
1326 632 1449 730 (⁷⁶)

684 796 718 864 in
748 792 853 886 platea
882 810 947 884 que
973 795 1109 861 vocatur
1139 787 1230 858 radia
1262 788 1340 860 solis
1379 791 1497 884 quiet
1530 789 1660 881 gurgite
1692 785 1811 860 dieitur
1846 793 1878 858 et
1908 809 1966 879 per
1997 795 2029 858 te
2069 789 2103 857 in

683 923 795 993 eadem
816 928 924 992 sancta
950 927 983 990 et
1006 917 1183 990 venerabili
1209 927 1265 991 tua
1292 917 1425 992 ecelesia
1450 917 1651 1011 presentibus
1670 928 1702 988 et
1728 917 1846 990 suturis
1870 919 1904 988 in
1927 920 2104 1012 sempiter-

684 1075 773 1121 num.
808 1051 893 1121 ldest
924 1051 959 1120 in
982 1051 1110 1144 integro
1143 1053 1223 1121 duas
1254 1051 1355 1144 petias
1388 1052 1427 1121 de
1460 1059 1561 1120 terras
1593 1061 1718 1122 nostras
1753 1061 1785 1120 et
1817 1049 1858 1118 de
1889 1047 1992 1142 ipsius
2025 1071 2106 1140 ger-

682 1197 775 1245 mane
802 1185 911 1245 nestre
932 1175 1119 1247 constitutas
1145 1174 1179 1243 in
1205 1174 1279 1244 loeo
1305 1176 1363 1269 qui
1390 1183 1526 1247 vocatur
1551 1176 1704 1246 anianum
1735 1174 1784 1270 (2)
1811 1193 1975 1244 unacum
2004 1195 2107 1241 arvo-

681 1299 770 1371 ribus
796 1299 892 1370 simul
917 1322 992 1372 cunr
1017 1301 1165 1370 introitas
1197 1321 1309 1372 earum
1336 1300 1552 1395 omnibusque
1565 1299 1629 1368 ·eis
1656 1299 1847 1391 generaliter
1873 1296 2106 1388 pertinentibus

682 1451 722 1497 ex
757 1427 876 1521 quibus
903 1451 967 1500 una
996 1429 1083 1520 petia
1113 1451 1179 1520 que
1202 1437 1338 1502 vocatur
1365 1429 1525 1498 sinianum
1552 1427 1690 1498 habente
1718 1428 1757 1496 de
1784 1449 1851 1494 uno
1877 1425 1977 1494 latere
2006 1435 2038 1494 et
2065 1429 2106 1497 de

682 1573 749 1621 uno
780 1553 883 1646 eapite
909 1554 964 1622 via
993 1553 1130 1647 publiea.
1164 1563 1197 1624 et
1228 1579 1271 1626 ex
1296 1556 1360 1626 alio
1392 1557 1491 1625 latere
1515 1557 1646 1626 coheret
1673 1565 1758 1623 terra
1786 1555 1825 1624 de
1846 1551 2033 1622 hominibus
2066 1553 2106 1621 de

680 1699 876 1747 maranum:
912 1678 951 1747 ad
979 1701 1058 1748 vero
1085 1678 1149 1748 alio
1175 1681 1279 1773 eapite
1307 1690 1390 1750 terra
1419 1681 1459 1750 de
1476 1653 1667 1749 hominibus
1694 1679 1734 1748 de
1758 1675 2018 1747 oalheetianum:
2045 1677 2107 1746 alia

679 1824 758 1870 vero
786 1803 870 1893 petia
898 1826 963 1893 que
991 1803 1176 1875 nominatur
1192 1805 1383 1876 intersieum
1410 1814 1443 1874 et
1468 1803 1522 1872 illa
1549 1802 1680 1873 coheret
1695 1801 1759 1872 hah
1780 1825 1844 1873 una
1861 1811 1952 1893 parte
1967 1803 2017 1870 via
2034 1826 2106 1894 pu-

680 1925 772 1996 bliea.
797 1937 830 1998 et
853 1953 895 1998 ex
920 1928 981 1998 alia
997 1937 1087 2022 parte
1110 1939 1196 2001 terra
1210 1931 1369 2002 heredum
1394 1930 1517 2000 domini
1533 1931 1651 2000 marini
1666 1929 1799 1998 brancii.
1815 1937 1848 1998 et
1864 1930 1905 1998 de
1928 1927 1989 1996 alia
2014 1939 2104 2021 parte

681 2065 728 2124 est
743 2065 829 2124 terra
844 2059 885 2126 de
911 2055 1098 2126 hominibus
1130 2057 1169 2125 de
1196 2067 1376 2126 memorato
1402 2059 1475 2126 loco
1494 2080 1664 2126 maranum
1683 2081 1691 2123 ι
1709 2058 1759 2124 De
1774 2053 1894 2148 quihus
1909 2052 1991 2123 nihil
2010 2057 2104 2125 nobis

679 2181 797 2252 exinde
812 2181 965 2251 remansit
980 2191 1036 2248 aut
1051 2181 1289 2252 reservavimus
1305 2203 1364 2252 nee
1392 2181 1427 2250 in
1443 2179 1546 2249 aliena
1561 2201 1698 2272 persona
1714 2178 1934 2250 commisimus
1956 2191 2104 2272 potesta-

677 2312 761 2384 tem;
779 2303 827 2372 lta
842 2313 879 2372 ιη
894 2303 937 2372 ha
952 2325 1040 2374 nune
1063 2313 1095 2372 et
1122 2303 1271 2395 deinceps
1297 2301 1537 2396 prenominatus
1568 2302 1708 2393 integras
1731 2304 1810 2372 duas
1826 2301 1928 2394 petias
1948 2302 2106 2372 deterres

679 2431 868 2501 constitutas
894 2430 930 2502 in
954 2432 1069 2500 eodem
1093 2432 1167 2500 loco
1193 2431 1345 2500 anianum
1360 2453 1499 2524 quarum
1516 2454 1580 2502 una
1595 2431 1682 2522 petia
1703 2453 1768 2522 que
1792 2439 1928 2500 vocatur
1943 2429 2104 2502 sinianum

679 2551 740 2623 alia
756 2577 837 2624 vero
858 2577 923 2650 que
944 2555 1124 2647 appellatur
1146 2553 1299 2623 intersico
1314 2566 1469 2645 utrasque
1493 2577 1568 2624 eum
1589 2553 1760 2625 arvoribus
1777 2563 1809 2623 et
1824 2553 1972 2623 introitas
1995 2579 2105 2625 aarum

678 2681 893 2776 omnibusque
921 2682 966 2752 eis
992 2680 1227 2772 pertinentibus
1251 2681 1337 2751 unde
1352 2680 1434 2750 nihil
1449 2682 1541 2751 nobis
1557 2681 1674 2752 exinde
1695 2683 1930 2754 reservavimus
1946 2695 2104 2775 quatenus

680 2806 763 2877 sicut
788 2807 935 2900 superius
951 2806 1071 2898 legitur
1098 2831 1116 2874 a
1144 2805 1237 2877 nobis
1265 2807 1325 2876 tibi
1352 2819 1384 2879 et
1409 2831 1468 2901 per
1492 2817 1523 2876 te
1540 2808 1574 2876 in
1589 2818 1765 2878 memorata
1782 2808 1915 2878 ecelesia
1931 2820 1986 2878 tua
2001 2811 2103 2880 sancti

678 2932 782 3001 seheri
798 2934 863 3003 sint
878 2931 999 3002 oblatas
1020 2943 1052 3002 et
1068 2932 1199 3002 traditas
1224 2955 1285 3026 pro
1302 2933 1408 3004 anime
1431 2941 1609 3002 memorate
1625 2933 1719 3000 matri
1736 2943 1844 3004 nostre
1860 2935 1946 3004 utin
1962 2943 2018 3006 tua
2034 2959 2102 3028 po-

679 3059 835 3153 sterisque
859 3060 923 3129 tuis
950 3071 1194 3154 memoratoque
1220 3071 1326 3130 vestra
1343 3059 1475 3130 ecclesia
1503 3061 1567 3129 sint
1593 3069 1750 3152 potestate
1781 3063 1822 3131 ad
1849 3061 2035 3132 habendum
2054 3064 2102 3135 ibi

679 3181 749 3250 illas
772 3183 807 3252 in
833 3184 1084 3276 sempiternum:
1113 3194 1145 3253 et
1173 3208 1313 3276 nequeo
1342 3185 1435 3254 nobis
1454 3195 1634 3255 memorato
1650 3187 1803 3280 gregorio
1819 3199 1851 3256 et
1868 3187 2004 3259 iohanne
2021 3213 2103 3282 ger-

678 3307 782 3377 manis
808 3331 885 3377 eum
911 3308 1089 3379 volumtate
1114 3311 1286 3382 memorati
1312 3312 1434 3382 domini
1451 3313 1537 3382 leoni
1566 3314 1705 3406 genitori
1727 3316 1830 3385 nostri
1853 3340 1959 3411 neque
1984 3342 2003 3387 a
2031 3341 2102 3390 me-

678 3443 804 3504 morata
826 3433 928 3504 maria
952 3435 1128 3506 monastria
1152 3459 1306 3528 germana
1329 3447 1438 3510 nostra
1463 3463 1569 3534 neque
1595 3464 1612 3508 a
1641 3441 1759 3511 nostris
1783 3451 1816 3513 et
1839 3443 1907 3512 suis
1929 3442 2103 3516 heredibus

678 3571 734 3631 aut
757 3587 777 3631 a
799 3562 892 3632 nohis
916 3565 1093 3636 summissis
1116 3567 1263 3658 personis
1284 3564 1376 3638 nullo
1400 3578 1546 3662 tempore
1562 3593 1741 3664 numquam
1766 3585 1801 3642 tu
1824 3582 2023 3644 memoratus
2039 3576 2101 3645 do-

677 3684 784 3756 minus
808 3709 941 3758 maurus
965 3689 1159 3760 venerahilis
1193 3691 1352 3783 presbiter
1377 3702 1432 3762 aut
1456 3694 1593 3784 posteris
1619 3697 1682 3765 tuis
1711 3719 1770 3768 nec
1791 3709 1968 3769 memorata
1993 3713 2099 3770 saneta

675 3823 707 3883 et
730 3815 922 3885 venerahilis
939 3825 1044 3886 vestra
1069 3816 1201 3887 eeclesia
1226 3817 1369 3888 habeatis
1393 3822 1513 3890 exinde
1535 3819 1708 3914 aliquando
1725 3847 1931 3918 quacumque
1947 3829 2100 3922 requesi-

690 4034 2099 4070 -------....-..-.,.,-,,,,,-,

756 4180 901 4243 Eiusdem
921 4187 1010 4244 huius
1031 4188 1173 4247 ecclesiae
1203 4193 1388 4251 mentionem
1413 4194 1505 4253 habet
1534 4197 1586 4255 vel
1615 4197 1772 4280 quoddam
1801 4201 1996 4261 inventarium
2018 4223 2100 4264 anno

677 4297 754 4365 1426
776 4299 999 4381 conscriptum,
1034 4323 1095 4381 quo
1125 4303 1260 4382 singulae
1280 4321 1474 4367 recensentur
1500 4310 1664 4391 ecclesiae,
1692 4313 1723 4371 in
1744 4334 1820 4394 quas¹
1844 4329 2015 4396 patronatus
2035 4319 2099 4379 iun

674 4407 764 4469 ass.
785 4407 868 4471 Petri
888 4411 926 4470 ad
949 4411 1118 4473 Castellum
1141 4426 1169 4471 et
1189 4415 1350 4476 Sebastiani
1373 4422 1551 4481 monasterio
1571 4425 1794 4488 exercebantur.

757 4516 802 4601 (α)
823 4521 998 4580 Attianum
1012 4566 1021 4596 ‚
1044 4521 1081 4583 de
1097 4506 1159 4603 quir
1174 4526 1251 4585 nihil
1267 4527 1433 4608 quidquam
1448 4547 1644 4592 memoratum
1660 4533 1717 4592 suit
1732 4555 1748 4592 a
1763 4535 1907 4614 Claritio,
1924 4534 2013 4598 fuisse
2027 4537 2100 4599 olim

673 4649 784 4712 pagum
805 4629 967 4713 quemdam
989 4635 1114 4695 lllarano
1135 4633 1297 4697 finitimum
1319 4659 1372 4698 nos
1393 4639 1482 4700 docet
1508 4655 1572 4702 tum
1594 4665 1728 4725 praesens
1748 4645 2003 4724 instrumentum,
2031 4661 2097 4708 tum

673 4744 761 4803 binae
783 4743 859 4803 aliae
880 4748 1095 4820 membranae,
1119 4767 1177 4806 una
1200 4749 1324 4829 quidem
1347 4755 1514 4836 conscripta
1539 4759 1574 4817 15
1596 4757 1695 4816 martii
1717 4757 1787 4816 anni
1802 4761 1885 4838 987,
1909 4757 2004 4820 altera
2025 4781 2097 4821 vero

672 4855 721 4917 die
743 4860 782 4918 28
804 4861 974 4922 novembris
994 4861 1064 4920 almi
1087 4865 1168 4943 998,
1192 4885 1227 4925 ex
1248 4864 1359 4946 quibus
1379 4869 1553 4929 Aaronem
1575 4891 1667 4954 prope
1688 4873 1848 4932 Marauum
1864 4874 1990 4934 sentisse
2004 4875 2097 4934 lucu-

673 4962 836 5025 lentissime
856 4979 949 5048 patet.
