4658 6508
1320 572 1333 668 t
1360 583 1402 642 a
1429 576 1445 663 t

1330 859 1434 932 XXll.

1266 1123 1393 1197 Christe
1416 1128 1501 1197 lave.

557 1277 606 1322 an.
761 1249 801 1317 ln
816 1248 939 1318 nomine
954 1248 1076 1318 domim
1091 1246 1143 1320 dei
1154 1247 1326 1320 salvatoris
1337 1251 1437 1320 nostri
1447 1251 1543 1322 lbesu
1554 1249 1675 1324 Christi
1691 1253 1874 1347 lmperante
1889 1253 2025 1325 domino
2041 1277 2099 1325 no-

537 1370 620 1440 935.
666 1385 733 1446 stro
744 1373 955 1448 Constantino
971 1395 1090 1466 magno
1113 1376 1314 1466 Imperatore
1338 1398 1424 1446 anno
1442 1376 1739 1471 vicesimoseptimo
1750 1379 1807 1450 sed
1824 1393 1852 1449 tt
1868 1401 2007 1448 romano
2020 1401 2098 1449 ma-

669 1525 735 1596 gno
751 1503 949 1596 imperatore
964 1524 1050 1572 anno
1073 1501 1338 1595 quartodecimot
1369 1503 1422 1574 die
1448 1503 1574 1574 decima
1597 1503 1716 1574 mensis
1740 1502 1898 1574 februarii
1920 1504 2098 1576 indictione

668 1624 783 1692 octaba
799 1624 924 1717 neapoli
942 1648 951 1690 ε
977 1624 1111 1695 Certum
1127 1632 1175 1693 est
1198 1645 1258 1694 nos
1281 1623 1387 1693 bonus
1402 1623 1596 1696 hortulanus
1610 1635 1643 1696 et
1659 1626 1816 1719 eupraxia
1837 1624 1963 1720 iugales
1980 1626 2048 1697 filio
2063 1639 2098 1698 et

670 1773 774 1819 iturus
788 1748 923 1842 quidem
938 1748 1007 1818 ursi
1023 1747 1216 1821 hortulanus
1233 1748 1292 1843 qui
1307 1749 1496 1820 nominatur
1512 1749 1693 1842 pirindulu:
1707 1751 1890 1844 Apresenti
1907 1751 1961 1822 die
1976 1775 2098 1844 prom-

669 1873 813 1964 ptissima
836 1874 1026 1944 voluntate:
1052 1873 1319 1946 Venundedimus
1342 1883 1375 1945 et
1400 1873 1594 1944 tradidimus
1626 1872 1719 1944 vobis
1748 1871 1863 1943 basilio
1893 1873 2033 1944 ferrario
2065 1885 2099 1946 et

670 2001 771 2072 maria
788 2001 851 2070 boc
875 2009 924 2070 est
946 1999 1071 2092 iugales
1094 1999 1163 2069 filio
1186 2009 1219 2071 et
1242 2021 1349 2069 nurua
1362 1999 1498 2093 quidem
1511 1999 1638 2070 domini
1659 1997 1809 2070 iohannis
1831 1999 1956 2070 dudum
1970 2001 2099 2071 ierrarii

671 2140 704 2198 et
719 2128 886 2200 maiorarii
910 2131 1010 2201 modo
1026 2151 1106 2200 vero
1122 2127 1298 2200 monachi:
1319 2128 1404 2200 ldest
1418 2128 1546 2222 integra
1563 2129 1697 2199 domum
1717 2137 1828 2198 nostra
1844 2125 1948 2221 posita
1963 2129 1999 2198 in
2015 2127 2099 2198 banc

669 2255 834 2325 civitatem
849 2254 994 2347 neapolis
1017 2255 1053 2324 in
1075 2255 1209 2349 regione
1229 2253 1337 2326 balnei
1352 2254 1430 2324 nobi
1446 2253 1493 2348 (1)
1512 2275 1589 2323 cum
1604 2251 1812 2323 interioribus
1827 2261 1860 2321 et
1875 2250 2100 2345 superioribus

669 2378 736 2448 suis
753 2390 785 2450 et
802 2402 879 2449 eum
894 2377 1048 2450 uberibus
1063 2377 1111 2474 (t)
1124 2387 1157 2450 et
1172 2378 1356 2474 aspectibus
1372 2389 1405 2450 et
1419 2401 1496 2449 cum
1510 2376 1647 2448 introito
1663 2399 1724 2446 suo
1740 2385 1773 2447 et
1787 2374 1940 2446 omnibus
1955 2375 2003 2446 eis
2018 2401 2100 2472 per-

668 2501 844 2574 tinentibus
867 2503 927 2597 qui
950 2503 1044 2573 nobis
1068 2502 1202 2573 obbenit
1224 2525 1283 2597 per
1306 2501 1469 2574 chartulas
1501 2500 1753 2596 comparationis
1778 2525 1796 2569 a
1829 2500 1965 2596 quidem
1998 2501 2098 2572 theo-

669 2631 817 2701 donanda
841 2629 976 2702 honesta
999 2631 1121 2702 lemine
1145 2639 1178 2700 et
1201 2630 1310 2722 sergio
1335 2629 1499 2722 genetrice
1522 2641 1555 2700 et
1576 2628 1645 2700 lilio
1674 2628 1797 2700 relictis
1814 2637 1847 2700 et
1876 2628 1945 2699 titio
1965 2628 2098 2722 quidem

669 2755 794 2826 domini
817 2755 969 2827 iohannis
984 2754 1116 2826 militis:
1151 2763 1183 2826 et
1199 2776 1259 2824 nos
1273 2753 1308 2824 in
1324 2754 1475 2848 portione
1504 2753 1614 2849 tetigit
1637 2779 1656 2824 a
1678 2753 1883 2826 constantino
1906 2754 2099 2828 hortulanus

749 3111 795 3192 (1)
816 3113 938 3172 Balnei
950 3109 1040 3188 nobi,
1057 3113 1119 3173 sive
1134 3111 1210 3172 novi
1222 3112 1322 3173 dictus
1336 3109 1394 3171 suit
1407 3114 1510 3188 vicus,
1526 3114 1581 3194 qui
1597 3116 1627 3174 in
1641 3112 1816 3176 surcellensi
1831 3116 1944 3196 regione
1959 3117 2095 3178 extabat.

751 3221 800 3300 (2)
822 3221 937 3281 Vocem
958 3224 1033 3279 ue'ra
1054 3221 1268 3302 Corpenterius
1302 3242 1356 3302 pro
1375 3241 1452 3282 arua
1480 3219 1665 3304 quandoque
1698 3237 1875 3304 usurpatam
1894 3223 2008 3286 docuit.
2029 3225 2097 3284 Non

669 3324 848 3394 luctamen
868 3335 986 3394 notione
1011 3353 1077 3393 eam
1101 3331 1193 3394 nostri
1218 3330 1421 3392 adhibuerunt
1447 3333 1590 3394 Curiales.
1616 3334 1780 3397 Fridericio
1811 3335 1915 3417 (pag.
1929 3335 2025 3418 332)
2047 3338 2095 3396 ri-

669 3469 735 3506 sum
751 3461 794 3506 est
813 3451 890 3506 ae'rct
904 3447 936 3505 in
952 3445 1090 3508 caietanis
1105 3446 1309 3508 instrumentis
1332 3443 1489 3507 denotasse
1514 3445 1722 3508 cubiculorum
1746 3447 1875 3524 solaria,
1897 3469 1975 3531 quae
1999 3449 2096 3528 vulgo

669 3561 789 3652 ustrptet'
806 3573 1032 3642 nuncupantur.
1055 3559 1115 3620 Nos
1134 3558 1285 3621 vocabulo
1305 3559 1363 3619 hoc
1385 3561 1482 3642 potius
1502 3557 1623 3620 aedium
1646 3559 1756 3620 lumen
1776 3561 1979 3641 significatum
2007 3561 2096 3620 fuisse

668 3675 860 3736 arbitramur.
880 3677 917 3735 ln
936 3672 1080 3754 vigesimo
1099 3674 1179 3734 enim
1199 3671 1290 3733 titulo
1304 3685 1440 3733 veterum
1455 3669 1713 3754 neapolitanorum
1726 3671 1979 3734 Consuetudinem
1993 3694 2011 3732 a
2025 3673 2098 3734 Cer-

668 3785 759 3849 ronio
778 3783 929 3848 editarum
956 3782 1022 3864 (T.
1045 3785 1093 3844 II.
1113 3783 1173 3844 col.
1195 3779 1267 3842 353
1287 3781 1299 3863 )
1323 3803 1393 3843 eum
1413 3780 1541 3843 secunda
1562 3781 1599 3842 de
1617 3779 1819 3842 seruitutibus
1839 3779 2028 3844 Consuetudo
2047 3779 2096 3839 di-

669 3908 745 3958 terte
766 3909 831 3956 tum
851 3893 1001 3969 luminis,
1024 3908 1090 3955 tum
1110 3900 1255 3972 aspectus
1274 3889 1434 3952 domorum
1453 3889 1646 3966 meminerit,
1672 3890 1752 3950 hanc
1771 3889 1906 3972 proiecto
1926 3889 2096 3950 Consuetu-

669 4002 769 4063 dinem
790 4017 934 4085 spectasse
945 4001 1079 4068 Ceriales
1099 4020 1216 4078 remur,
1231 4020 1302 4060 cum
1321 3999 1359 4060 de
1378 3997 1503 4059 uiribus
1522 4017 1552 4062 et
1569 3998 1746 4081 aspecn'bus
1765 4001 1798 4059 in
1819 3999 1878 4060 suis
1893 3997 2097 4060 instrumentis

669 4115 850 4174 mentionem
870 4115 1039 4173 iniecerunt.
1054 4111 1100 4170 De
1120 4108 1289 4171 discrimine
1310 4131 1399 4185 vero,
1421 4109 1502 4192 quod
1517 4113 1593 4173 inter
1608 4124 1768 4194 utramque
1781 4131 1887 4172 rocem
1901 4111 2097 4172 statuendum

671 4238 739 4298 est,
761 4221 873 4282 ibidem
893 4221 965 4280 haec
985 4241 1003 4280 a
1024 4218 1191 4302 Napodano
1211 4217 1396 4281 afferuntur:
1419 4221 1501 4281 Plus
1521 4234 1566 4283 est
1584 4232 1726 4304 aspectam
1746 4243 1848 4305 quom
1867 4221 1984 4282 namen.
2004 4223 2096 4284 Nam

671 4345 816 4414 aspectus
831 4344 876 4394 est
892 4343 967 4394 onte
982 4336 1189 4416 prospicere,
1218 4345 1255 4394 ut
1273 4332 1394 4395 dictum
1416 4346 1481 4408 est;
1501 4339 1574 4396 item
1596 4335 1728 4406 subtus,
1748 4357 1801 4397 seu
1820 4357 1859 4398 en
1878 4335 2097 4412 infhrioridust

671 4453 747 4508 item
768 4467 807 4507 ex
826 4446 986 4526 superiori
995 4485 1008 4515 ,
1027 4463 1081 4505 seu
1103 4467 1124 4504 a
1144 4447 1252 4518 coelo,
1272 4447 1366 4506 etsie
1386 4446 1554 4526 implicat,
1575 4467 1614 4507 rre
1634 4448 1716 4529 quid
1733 4451 1765 4509 ei
1783 4449 1940 4527 afficiatur
1957 4449 2003 4508 ad
2016 4469 2095 4527 gra-

670 4565 780 4622 tiorem
793 4569 997 4640 prospectum
1018 4567 1049 4621 et
1066 4557 1212 4620 liberum.
1232 4561 1364 4618 Lumen
1383 4578 1460 4618 vero
1480 4579 1518 4618 ex
1537 4561 1712 4640 superiori,
1738 4579 1795 4620 seat
1816 4583 1837 4622 a
1857 4559 1943 4621 coelo
1967 4569 2093 4619 mutum

672 4676 730 4757 (ff.
754 4673 791 4734 de
811 4693 886 4735 serv.
916 4674 983 4734 urb.
1013 4673 1115 4756 praed.
1141 4671 1164 4732 l.
1193 4673 1270 4733 intra
1299 4675 1493 4750 servitutem,
1527 4687 1556 4735 et
1582 4673 1605 4734 l.
1629 4673 1792 4756 lumine),
1823 4684 1855 4734 et
1878 4682 1926 4733 est
1947 4673 2098 4732 similiter

671 4808 708 4846 ex
727 4785 924 4862 infhrioridus
944 4787 958 4870 (
981 4786 1017 4849 C.
1039 4785 1076 4848 de
1097 4805 1206 4847 canone
1228 4785 1371 4848 frument.
1396 4785 1419 4846 l.
1443 4807 1471 4864 1,
1493 4786 1546 4848 lib.
1567 4787 1631 4862 lt,
1653 4800 1683 4846 et
1708 4783 1737 4845 ff.
1759 4786 1868 4847 linium
1889 4783 2095 4864 regundorum

671 4899 692 4956 l.
713 4901 734 4957 si
756 4897 959 4981 irruptione).
