4658 6508
1280 544 1297 634 t
1323 548 1366 614 ⁴2
1392 540 1405 638 l

637 721 747 772 sarum
783 699 950 772 sollemnia
988 707 1021 771 et
1056 697 1147 769 horis
1169 697 1275 770 laudis
1297 707 1330 771 et
1352 697 1637 770 lumminariorum
1661 695 1907 768 concinnatione
1930 697 2065 770 exivcre

643 827 798 922 promitto
822 837 855 898 et
878 826 1028 897 omnibus
1051 825 1148 898 rebus
1172 835 1205 898 et
1227 826 1455 897 abitationibus
1480 825 1550 897 eius
1573 823 1722 896 deintus
1745 832 1778 894 et
1798 822 1877 894 loris
1892 825 2006 894 domos
2030 833 2063 893 et

639 963 741 1023 terras
764 951 936 1022 mobilium
959 961 992 1023 et
1014 949 1221 1021 inmobilium
1244 949 1312 1021 sive
1335 972 1422 1020 nunc
1439 949 1557 1021 hahent
1584 947 1636 1019 vel
1659 948 1687 1018 si
1710 946 1757 1016 ibi
1774 948 1924 1018 offertum
1941 946 2062 1018 luerint

640 1077 674 1147 in
697 1099 771 1149 mea
794 1077 836 1148 sit
858 1086 1016 1172 potestate
1039 1075 1169 1147 tenendi
1193 1085 1226 1146 et
1249 1073 1436 1146 dominandi
1460 1095 1518 1145 seu
1541 1072 1707 1144 lavorandi
1738 1073 1865 1144 fruendi
1888 1083 1921 1144 et
1944 1094 2060 1144 omnes

639 1227 737 1298 super
760 1227 813 1278 me
837 1205 1088 1277 commedendi:
1112 1213 1146 1276 et
1168 1199 1402 1298 quodcumque
1426 1201 1669 1271 ataonciandum
1686 1198 1812 1270 abuerit
1834 1200 1870 1270 in
1885 1214 2064 1272 memorata

638 1332 772 1404 ecclesia
795 1341 901 1404 vestra
924 1341 957 1402 et
980 1331 1016 1404 in
1037 1331 1189 1402 omnibus
1211 1329 1465 1400 habitationibus
1486 1331 1557 1400 eius
1579 1326 1647 1398 sive
1670 1327 1705 1396 in
1721 1336 1842 1398 tectore
1858 1326 1927 1398 sive
1942 1335 1974 1396 at
1990 1329 2065 1396 lra-

638 1455 830 1527 tricandum
854 1479 874 1524 a
896 1455 996 1526 modo
1019 1465 1052 1526 et
1075 1476 1181 1548 nspue
1202 1453 1238 1524 in
1259 1453 1428 1548 prefinitos
1449 1461 1590 1548 quatuor
1614 1474 1714 1521 annos
1729 1475 1791 1544 ego
1806 1451 1879 1521 illut
1902 1455 2006 1524 lacere
2031 1462 2063 1520 et

582 1561 586 1568 ⁸
636 1581 786 1652 conciano
808 1601 867 1652 scu
892 1580 1015 1653 lavrire
1034 1579 1193 1675 promitto
1224 1588 1258 1650 at
1289 1601 1420 1650 omnem
1452 1601 1565 1650 meum
1592 1578 1789 1670 expendium
1825 1578 1914 1648 nulla
1949 1579 2064 1648 dantes

636 1707 885 1780 hoccansionenr
908 1719 1048 1802 excepto
1070 1711 1226 1804 parietem
1250 1709 1309 1803 qui
1332 1715 1379 1778 est
1401 1709 1489 1778 inter
1521 1705 1685 1777 curticella
1717 1717 1895 1777 memorate
1927 1705 2061 1777 ecclesie

637 1841 742 1906 vestre
766 1848 799 1906 et
821 1835 906 1906 inter
928 1836 1111 1929 predictum
1134 1837 1245 1908 uicum
1269 1835 1328 1930 qui
1351 1844 1488 1907 uocatur
1510 1833 1682 1906 duodecim
1716 1843 1812 1926 putea
1842 1834 1933 1903 nullo
1959 1833 2062 1904 modo

636 1983 696 2031 vos
719 1984 772 2033 me
789 1961 824 2030 in
838 1985 915 2033 eum
938 1964 979 2033 ad
994 1965 1216 2036 savficandum
1237 1985 1416 2057 provocare
1437 1963 1593 2033 debeatis.
1616 1969 1649 2032 et
1661 1985 1727 2031 non
1741 1961 1884 2032 babeatis
1899 1962 2062 2032 licentiam

635 2087 787 2158 omnibus
810 2087 924 2159 diebus
945 2088 1012 2159 vite
1035 2109 1108 2160 mec
1130 2111 1192 2158 vos
1213 2097 1269 2158 aut
1291 2089 1427 2160 heredes
1448 2089 1563 2160 uestris
1580 2089 1620 2158 de
1643 2098 1821 2158 memorata
1839 2088 1969 2158 ecclesia
1995 2112 2062 2158 ve·

634 2225 700 2286 stra
722 2238 776 2287 mc
800 2216 919 2287 iactare
942 2218 995 2288 vel
1017 2217 1161 2311 qnalibet
1183 2217 1379 2288 sacerdotem
1403 2225 1460 2286 aut
1482 2215 1635 2288 clericum
1657 2239 1754 2309 saper
1777 2239 1832 2286 me
1854 2216 1974 2287 ibidem
1992 2239 2055 2309 po-

632 2365 712 2415 nere
733 2366 794 2414 nec
817 2343 859 2416 de
881 2343 1034 2415 omnibus
1054 2345 1154 2416 rebus
1175 2345 1278 2440 ipsius
1304 2344 1438 2415 ecclesie
1465 2353 1571 2415 vestre
1603 2344 1672 2414 sive
1704 2367 1769 2437 que
1803 2347 1902 2416 modo
1934 2345 2054 2414 habent

632 2468 687 2540 vel
708 2469 881 2540 habuerint
902 2493 963 2562 per
984 2471 1136 2566 quemvis
1156 2473 1292 2542 modum
1315 2471 1356 2540 de
1378 2470 1469 2541 intus
1489 2479 1520 2540 at
1542 2471 1622 2540 toris
1646 2469 1818 2539 mobilium
1848 2477 1880 2538 ct
1903 2469 2053 2538 inmovi-

631 2593 715 2663 lium
738 2602 771 2664 et
793 2593 1004 2666 inmobilium
1026 2594 1167 2691 qualiter
1187 2595 1338 2689 srperim
1359 2595 1429 2666 dixi
1452 2595 1603 2665 omnihus
1627 2595 1741 2666 (bobus
1767 2595 1835 2666 vite
1864 2617 1938 2666 mee
1971 2595 2055 2664 mihi

631 2718 748 2790 exinde
772 2719 906 2814 aliquod
928 2720 1044 2792 tollere
1064 2745 1126 2816 per
1145 2722 1272 2792 nullum
1294 2723 1455 2792 modum:
1485 2732 1517 2792 et
1539 2746 1599 2794 nec
1622 2745 1684 2815 ego
1707 2745 1875 2816 nunquam
1898 2743 2057 2816 presum-

630 2864 687 2912 mo
710 2843 861 2914 omnibus
884 2845 1000 2916 dicbus
1019 2845 1089 2917 uite
1108 2870 1184 2918 mee
1213 2849 1256 2918 de
1276 2855 1455 2918 memorata
1476 2847 1610 2917 ecclesia
1641 2855 1747 2916 vestra
1779 2848 1871 2917 exire
1904 2856 1959 2915 aut
1992 2847 2057 2916 alia

632 2967 764 3038 ecclesia
787 2979 820 3039 at
855 2970 1042 3044 abitandum
1074 2975 1308 3067 etpreendere:
1349 2983 1458 3068 preter
1486 2975 1514 3044 si
1546 2997 1599 3076 me
1630 2973 1826 3042 monachum
1860 2975 1964 3044 lacere
1988 2995 2058 3041 vo-

631 3096 724 3168 luero
748 3099 856 3168 statim
878 3099 1042 3171 licentiam
1073 3113 1107 3172 et
1141 3112 1331 3195 potestatem
1361 3103 1498 3173 babeam
1532 3103 1627 3174 vobis
1661 3100 1884 3173 abrenuntiare
1922 3122 2059 3169 memo-

628 3231 697 3290 rata
723 3222 858 3291 ecclesia
880 3230 1016 3291 vestra:
1049 3232 1123 3316 post
1151 3245 1235 3292 uero
1263 3245 1375 3292 mcum
1409 3223 1581 3293 transitum
1611 3233 1791 3292 memorata
1822 3222 1954 3294 ecclesia
1991 3246 2056 3293 ve-

631 3357 695 3414 stra
720 3368 796 3414 cunr
820 3346 972 3416 omnibus
994 3347 1093 3418 rebus
1115 3357 1147 3420 et
1170 3347 1422 3418 habitationibus
1445 3348 1515 3419 cius
1551 3349 1620 3420 sive
1655 3373 1720 3443 que
1748 3351 1848 3420 modo
1883 3349 1979 3420 habet
2001 3349 2055 3418 vel

630 3471 779 3543 habuerit
811 3473 985 3545 mobilium
1018 3484 1051 3546 ct
1090 3475 1299 3546 inmobihum
1334 3485 1541 3548 revertantur
1573 3476 1669 3548 vobis
1702 3477 1882 3570 vestrisque
1918 3477 2057 3548 heredi-

630 3599 713 3681 bus;
738 3609 771 3670 et
793 3601 901 3672 omnia
926 3603 1156 3697 quodcumque
1179 3606 1281 3674 modo
1301 3603 1408 3676 habeo
1429 3605 1481 3674 vel
1503 3605 1684 3674 habuturus
1705 3605 1800 3674 fuero
1835 3606 1876 3674 de
1908 3603 1993 3671 intus
2020 3614 2052 3673 et

633 3727 712 3797 soris
735 3728 907 3799 mobilium
936 3738 969 3800 ct
1005 3729 1213 3800 inmobilium
1247 3731 1316 3801 sive
1354 3730 1580 3802 homminibus
1616 3729 1800 3800 dividamus
1835 3729 1918 3799 inter·
1955 3727 2053 3797 nobis

630 3864 662 3924 at
685 3879 795 3928 meum
820 3856 989 3926 transitum
1014 3857 1069 3928 vel
1090 3857 1118 3926 si
1142 3880 1195 3928 ne
1218 3859 1417 3928 monachum
1438 3860 1547 3930 fecero
1568 3858 1605 3926 in
1625 3865 1741 3950 quarta
1763 3865 1853 3947 parte
1869 3878 1934 3924 una
1959 3865 2053 3947 parte

627 3981 743 4052 habeat
766 3991 945 4052 memorata
969 3981 1101 4052 ecclesia
1124 3992 1230 4056 vestra
1254 3994 1286 4054 et
1308 3993 1374 4054 tres
1396 3993 1505 4076 partes
1525 3982 1644 4054 exinde
1666 3981 1702 4050 in
1724 4003 1798 4052 mea
1830 3981 1871 4052 sit
1902 3989 2052 4074 potesta-

626 4121 692 4178 tem
715 4129 776 4200 pro
799 4107 906 4176 anima
929 4128 1003 4176 mea
1026 4107 1123 4178 dandi
1146 4108 1200 4178 vel
1222 4109 1363 4201 qualiter
1383 4111 1487 4178 facere
1511 4108 1677 4189 voluero3
1702 4107 1729 4176 si
1753 4116 1863 4178 autem
1885 4116 1917 4178 et
1933 4115 2048 4176 contra

628 4233 711 4304 hanc
750 4231 895 4302 chartula
930 4231 1152 4326 promissionis
1186 4241 1224 4302 ut
1254 4255 1351 4326 super
1389 4231 1513 4325 legitur
1546 4231 1660 4304 venire
1693 4255 1897 4326 presumsero
1930 4241 1986 4302 aut
2022 4234 2052 4302 si

626 4355 761 4430 minime
785 4357 1008 4451 adimplevero
1028 4357 1121 4428 vobis
1146 4357 1255 4428 omnia
1278 4367 1456 4430 memorata
1479 4358 1584 4429 cuntis
1616 4358 1731 4431 diebus
1762 4359 1830 4432 vite
1866 4383 1938 4432 mee
1971 4369 2050 4432 tunc

626 4507 779 4580 conpone
799 4483 891 4557 vohis
915 4485 987 4556 auri
1010 4485 1093 4558 libra
1115 4509 1180 4556 una
1202 4485 1394 4580 bytiantea3
1431 4494 1464 4557 et
1487 4486 1546 4558 hec
1582 4486 1755 4582 promissio
1787 4499 1825 4560 ut
1860 4513 1957 4584 super
1992 4491 2048 4563 le-

624 4613 714 4707 gitur
736 4610 777 4684 sit
800 4614 893 4686 firma
915 4611 1069 4708 scriptam
1091 4635 1149 4706 per
1172 4635 1306 4682 manum
1329 4611 1464 4683 lohanni
1487 4613 1616 4685 curialis
1643 4624 1676 4685 et
1705 4616 1865 4687 scriniarii
1898 4641 1958 4711 per
1985 4618 2048 4688 in-

627 4737 767 4811 dictione
790 4746 967 4812 memorata
991 4738 1178 4834 quindecim
1209 4735 1241 4832 †
1268 4745 1301 4810 et
1323 4738 1386 4809 hoc
1420 4742 1582 4812 recordati
1612 4764 1724 4814 summ
1753 4753 1791 4814 ut
1819 4766 1879 4814 nec
1902 4766 1964 4836 ego
1988 4767 2050 4816 nec

626 4888 685 4936 ros
718 4889 779 4937 nec
814 4867 928 4938 vestris
963 4867 1095 4940 heredes
1130 4889 1198 4938 non
1230 4864 1349 4940 abeatis
1383 4867 1546 4941 licentiam
1579 4871 1669 4942 intus
1698 4883 1879 4943 memorata
1912 4873 2049 4944 ecclesia
