4658 6508
1300 634 1420 730 (96)

650 809 794 872 moratus
819 800 937 872 fundus
961 819 1035 868 cum
1060 803 1254 868 memoratas
1274 792 1472 865 nominatiba
1493 809 1659 882 camporas
1674 784 1812 880 qualiter
1827 801 1913 852 nnnc
1936 779 2080 852 liniendo

652 949 711 1018 per
735 925 887 996 termines
921 931 953 993 et
976 945 1034 1015 per
1058 923 1197 1015 signates
1227 943 1280 992 eas
1313 916 1582 1010 exegregavimus
1605 912 1689 1006 ipsas
1712 919 1786 981 sunt
1809 932 1890 1003 quas
1913 907 2082 1015 continent

651 1048 839 1118 monitionis
863 1046 1009 1118 chartule
1032 1058 1141 1120 nostre
1170 1069 1250 1140 quas
1281 1046 1341 1115 tibi
1373 1067 1460 1116 nunc
1491 1040 1692 1114 ostenximus
1725 1048 1758 1110 et
1786 1035 1917 1130 quando
1949 1035 2083 1104 luerunt

650 1176 812 1245 lavoratas
836 1175 1022 1268 parentibus
1046 1176 1164 1246 nostris
1187 1197 1240 1244 cas
1264 1175 1511 1244 dominaverunt
1539 1180 1572 1239 et
1595 1167 1781 1262 parentibus
1803 1163 1868 1233 tuis
1893 1186 1952 1256 per
1975 1161 2082 1251 legem

653 1303 774 1373 ibidem
798 1305 887 1374 nulla
923 1305 1176 1376 dominationem
1207 1303 1412 1374 habuerunt:
1440 1312 1473 1372 et
1506 1301 1585 1370 dum
1620 1299 1737 1369 exinde
1769 1297 1853 1366 inter
1883 1318 1943 1366 nos
1970 1291 2086 1362 inten-

654 1432 701 1498 tio
716 1409 906 1503 'horreatur
930 1433 1110 1502 iudicatum
1134 1448 1183 1504 est
1206 1433 1290 1502 inter
1313 1430 1407 1501 nobis
1435 1438 1473 1497 ut
1504 1449 1656 1521 personas
1693 1434 1816 1496 uestras
1839 1426 1881 1494 de
1914 1424 1988 1492 totis
2020 1435 2086 1492 tres

655 1555 738 1624 mihi
762 1556 897 1648 prebere
921 1567 1158 1627 sacramentum
1182 1557 1321 1628 dicentes
1344 1555 1426 1625 mihi
1452 1553 1591 1647 qualiter
1620 1549 1768 1644 superius
1792 1549 1909 1622 exinde
1940 1548 2085 1619 asserui-

656 1683 713 1750 stis
737 1693 770 1752 et
794 1707 856 1774 ego
879 1683 974 1752 vobis
998 1684 1115 1754 exinde
1139 1705 1260 1777 ponere
1283 1681 1366 1752 banc
1389 1681 1609 1752 securitatem.
1635 1703 1721 1749 nunc
1745 1687 1854 1747 autem
1883 1675 1919 1746 in
1941 1675 2087 1769 prasenti

658 1811 767 1900 recepi
791 1835 808 1877 a
834 1833 987 1902 personas
1011 1819 1133 1882 uestras
1156 1821 1335 1882 memorata
1358 1819 1555 1880 sacramenta
1580 1818 1612 1878 et
1637 1807 1769 1878 definivi
1786 1807 1904 1878 exinde
1920 1805 2089 1874 uobiscum

660 1934 695 2003 in
720 1935 883 2006 omnibus.
911 1939 955 2007 Ut
979 1961 1020 2007 au
1045 1937 1178 2007 odierna
1202 1937 1255 2007 die
1279 1946 1311 2007 et
1334 1959 1462 2028 semper
1485 1935 1569 2006 banc
1592 1935 1755 2026 perpetuis
1786 1931 1988 2024 temporibus
2022 1930 2090 2000 iam

658 2064 862 2134 nominatum
886 2065 1051 2156 integrum
1074 2066 1212 2135 fundum
1235 2088 1278 2135 ex
1301 2065 1471 2134 fundatum
1495 2061 1554 2156 qui
1587 2061 1650 2132 tuit
1681 2059 1853 2130 memorati
1885 2057 2027 2152 genitori
2058 2069 2089 2128 et

659 2190 729 2260 filio
751 2192 923 2284 palumbus
947 2202 980 2261 et
1003 2191 1152 2262 iohannis
1175 2215 1240 2260 una
1264 2215 1340 2261 cum
1364 2198 1558 2261 memoratas
1581 2189 1762 2260 nominatas
1792 2209 1959 2280 camporas
1984 2185 2092 2280 primo

660 2319 720 2416 qui
743 2329 881 2389 uocatur
905 2341 1023 2412 campu
1046 2318 1194 2391 denalam
1218 2319 1253 2388 in
1276 2321 1391 2390 eodem
1414 2318 1515 2387 tundo
1539 2317 1712 2386 coniuncto
1728 2315 1869 2385 secundo
1883 2315 1942 2407 qui
1955 2325 2091 2383 uocatur

662 2443 889 2540 presteriolum
925 2443 1039 2516 tertius
1079 2443 1138 2538 qui
1161 2443 1338 2538 appellatur
1374 2443 1414 2513 de
1455 2463 1634 2512 caucuurso
1672 2449 1825 2534 quartum
1862 2437 1920 2531 qui
1959 2447 2094 2508 uocatur

663 2565 786 2656 giniole
810 2567 962 2660 quintum
985 2590 1066 2638 uero
1089 2567 1148 2660 qui
1171 2566 1357 2644 nominatur
1380 2586 1509 2656 magese
1532 2571 1661 2635 sextum
1685 2572 1794 2632 antem
1822 2561 2009 2630 nominatur
2034 2583 2095 2630 ce-

667 2713 702 2762 sa
720 2691 830 2788 donati
853 2691 1028 2784 septimum
1051 2691 1110 2786 qui
1133 2701 1270 2766 uocatur
1293 2690 1461 2762 teboriola.
1485 2689 1637 2758 octabum
1660 2710 1793 2781 quoque
1808 2687 1867 2780 qui
1882 2686 2098 2756 vocaturbo-

667 2815 866 2886 tronianum.
892 2838 1017 2888 nonum
1048 2815 1107 2910 qui
1132 2826 1179 2888 est
1203 2818 1383 2890 secusiam
1419 2815 1503 2888 dicta
1526 2815 1659 2887 ecclesia
1682 2813 1769 2884 beati
1791 2811 1942 2884 ianuarii.
1970 2813 2097 2884 decimo

669 3277 803 3337 ostendit
833 3279 1017 3340 Muratorins
1052 3282 1131 3362 (A.
1161 3283 1210 3342 M.
1234 3287 1316 3344 ΑΕ.
1338 3279 1456 3342 dissert.
1477 3283 1638 3343 XXXII.
1658 3277 1671 3362 )
1686 3324 1696 3357 ,
1726 3300 1787 3338 non
1814 3277 1905 3340 modo
1936 3301 1953 3340 a
1984 3277 2099 3342 latiaris

670 3389 784 3470 eloquii
806 3392 1017 3474 corruptione,
1039 3410 1118 3471 quae
1138 3404 1205 3471 post
1225 3409 1345 3451 auream
1369 3404 1493 3452 semem
1516 3389 1666 3470 gradatim
1690 3391 1860 3466 succrevit,
1881 3393 2099 3452 verumetiam

670 3502 986 3581 aseptentrionalinm
1007 3501 1194 3585 populorum
1214 3501 1370 3578 adventu,
1401 3521 1533 3582 quorum
1564 3521 1652 3564 uoces
1676 3501 1804 3563 subinde
1834 3503 1866 3563 in
1885 3500 2015 3563 latinum
2036 3523 2099 3562 ser-

671 3633 789 3674 moncm
811 3615 1003 3697 irrepserunt.
1023 3615 1084 3678 Nos
1104 3616 1230 3698 quidem
1250 3616 1333 3676 haud
1354 3615 1430 3676 latet
1449 3615 1638 3678 Leonardum
1653 3619 1787 3677 Brunum
1806 3619 1954 3677 aretinum
1975 3617 2101 3697 (Epist.

672 3725 692 3782 1.
716 3726 802 3786 VII.
821 3725 854 3804 )‚
885 3723 1031 3785 Bembnm
1064 3723 1289 3808 cardinalem(
1312 3725 1454 3787 Prosci.
1478 3730 1507 3786 1.
1526 3725 1562 3808 ),
1593 3745 1630 3786 ac
1660 3723 1815 3807 plerosque
1841 3723 1917 3786 alios
1944 3725 2101 3806 scriptores

674 3838 808 3918 opinatos
829 3837 918 3898 luisse
939 3836 1061 3901 nullum
1082 3840 1240 3900 vetustatis
1262 3838 1421 3900 discrimen
1443 3837 1520 3900 inter
1540 3838 1675 3900 italicam
1688 3859 1724 3898 ac
1745 3837 1873 3900 latinam
1888 3838 2026 3918 lingnam
2041 3853 2102 3900 sta·

674 3948 824 4010 tuendum
844 3971 925 4024 esse,
946 3951 1039 4011 immo
1059 3972 1132 4012 uero
1154 3953 1388 4016 lambullarium
1404 3955 1568 4035 inopere,
1588 3951 1673 4033 quod
1689 3952 1838 4033 inscripsit
1857 3953 1886 4012 it
1902 3953 2016 4027 Gello,
2038 3945 2102 4012 exi·v

674 4063 804 4124 stimasse
826 4065 953 4144 primam
974 4064 1147 4126 earumdem
1168 4064 1341 4146 linguarum
1363 4089 1379 4128 a
1399 4079 1534 4128 veterum
1555 4068 1770 4128 Hetruscorum
1790 4085 1922 4128 sermone
1936 4063 2101 4147 profectam

677 4152 746 4234 esse.
763 4173 911 4236 Nouimus
932 4189 1081 4254 praeterea
1102 4175 1271 4257 Scipionem
1292 4176 1450 4238 Matreium
1480 4175 1621 4257 (ἤνοπι.
1641 4178 1752 4238 illustr.
1763 4197 1802 4256 p.
1823 4183 1852 4240 Ι.
1872 4178 1892 4238 l.
1912 4175 2008 4258 XI.)
2030 4195 2104 4236 con-

678 4282 808 4344 tendisse
840 4283 981 4344 enmdem
1002 4299 1137 4345 nostrum
1158 4305 1324 4348 sermonem
1344 4306 1407 4346 non
1428 4305 1445 4346 e
1465 4285 1576 4350 latinae
1612 4309 1648 4349 ac
1682 4287 1962 4368 septentrionalium
1981 4286 2104 4368 lingna-

681 4415 748 4455 rum
769 4396 967 4471 confusione,
989 4417 1097 4458 verum
1116 4419 1152 4461 er
1172 4401 1261 4459 unius
1281 4397 1436 4460 latinitatis
1457 4401 1649 4482 corruptione
1673 4421 1816 4462 manasse.
1837 4399 2033 4482 Aequisque
2054 4419 2104 4458 re-

680 4527 748 4565 rum
769 4507 866 4588 potius
887 4507 1045 4568 veritatem
1056 4549 1066 4583 ,
1090 4526 1184 4589 quam
1204 4507 1378 4589 opinionum
1399 4523 1567 4570 commenta
1587 4523 1741 4588 sectatur,
1764 4530 1853 4572 snum
1867 4509 1993 4592 quidem
2014 4507 2103 4570 addet

680 4617 837 4680 calculum
847 4620 1003 4682 Muratorii
1019 4622 1177 4681 tententiae
1184 4666 1193 4697 ,
1208 4622 1258 4680 cui
1269 4620 1456 4686 Fontaninus
1469 4621 1587 4700 (tuaac.
1599 4622 1819 4705 dell'eloquen.
1831 4621 1887 4684 tib.
1901 4624 1931 4684 I.
1943 4643 1974 4684 n·
1986 4621 2064 4686 VII.
2075 4621 2102 4703 ),

682 4731 893 4793 Tiraboschius
915 4732 1021 4812 (δίον.
1042 4731 1124 4794 della
1150 4734 1249 4794 leuet.
1276 4734 1345 4796 ital.
1378 4745 1398 4794 t.
1420 4739 1485 4798 III.
1509 4737 1640 4814 presan.
1657 4736 1669 4820 )
1680 4781 1690 4814 ,
1722 4738 1913 4818 Ginguencus
1948 4735 2106 4818 (Histoir.

681 4839 719 4899 de
739 4841 770 4900 la
792 4841 916 4904 litterar.
938 4843 1007 4907 ital.
1031 4846 1101 4906 al.
1120 4845 1213 4925 ceap.
1235 4845 1303 4908 111.
1317 4843 1351 4927 ),
1372 4865 1407 4906 ac
1429 4847 1645 4932 quamplurimi
1666 4848 1716 4912 alii
1736 4850 1842 4932 nuperi
1863 4849 2023 4930 scriptores
2043 4845 2107 4910 url-

632 4941 639 4948 ’
687 4949 790 5028 tragati
811 4950 938 5014 luerunt
