4616 6532
909 587 1010 682 (³)

243 744 396 820 bindendi
419 745 642 816 cummutandi
666 743 827 817 alienandi
850 743 987 816 liberam
1011 745 1154 817 babeatis
1171 755 1374 842 potestatem.
1400 771 1460 820 nec
1484 750 1635 846 deinceps
1660 779 1678 823 a

243 883 339 964 gente
351 869 625 965 langobardorum
636 870 683 966 (6)
699 873 740 943 de
756 869 918 965 predictos
930 869 1112 942 tertiatores
1124 869 1267 966 aliquam
1278 872 1525 968 requisitionem
1541 875 1678 948 lecimus

242 997 269 1065 si
294 997 382 1067 enim
405 995 474 1068 sibe
498 1019 557 1066 nos
580 995 633 1068 vel
656 994 831 1090 quisquam
854 1021 873 1064 a
897 1003 987 1088 parte
1010 995 1286 1088 languvardorum
1314 1008 1427 1069 cunua
1457 999 1543 1070 bunc
1568 1001 1678 1072 docu-

241 1135 392 1196 mentum
415 1122 528 1196 benire
558 1121 762 1216 temptaverit
794 1131 872 1194 tunc
906 1121 1127 1193 subiaceamus
1159 1146 1219 1195 nos
1250 1125 1449 1222 heredesque
1481 1129 1583 1199 nostri
1616 1129 1677 1199 tibi

242 1261 512 1348 monastereoque
535 1261 593 1322 tuo
616 1250 651 1322 in
675 1250 811 1346 duplum
834 1251 904 1344 ipse
927 1251 1159 1345 quantietatem
1177 1263 1275 1326 restet
1290 1278 1367 1328 vere
1384 1269 1572 1330 manentem
1588 1258 1676 1329 bunc

244 1387 473 1455 docomentum
496 1383 531 1453 in
555 1405 612 1452 sua
636 1379 726 1450 nibel
750 1377 922 1448 homnium
945 1377 1133 1449 firmitatem
1154 1380 1244 1454 unde
1267 1381 1343 1453 iuro
1359 1405 1435 1453 cum
1452 1387 1677 1478 suprascriptis

243 1508 318 1578 filiis
342 1508 423 1578 meis
453 1508 527 1579 dico
561 1529 620 1600 per
651 1506 748 1576 deum
779 1502 1035 1597 omnipotentem
1066 1513 1099 1576 et
1133 1517 1333 1576 sacrosancta
1368 1507 1481 1578 christi
1513 1511 1676 1602 quadtuor

243 1633 431 1728 euvangelio
454 1635 500 1705 sic
525 1643 557 1705 et
580 1632 717 1703 salutem
740 1631 965 1724 gloriosissimi
989 1631 1113 1704 domini
1141 1636 1245 1704 nostri
1268 1633 1400 1706 ibusulfi
1431 1637 1552 1706 summi
1585 1635 1676 1705 ducis

242 1781 301 1828 nos
337 1761 511 1852 eredesque
546 1757 648 1827 nostri
673 1768 854 1850 presentem
878 1758 1110 1828 documentum
1126 1758 1314 1830 binditionis
1339 1761 1474 1830 anobis
1498 1763 1619 1831 lactum
1637 1762 1670 1830 in

242 1889 407 1983 perpetuis
430 1886 657 1958 conserbamus
681 1885 881 1980 temporibus
903 1908 965 1979 pro
993 1887 1111 1980 quibus
1142 1887 1262 1980 biginti
1295 1890 1458 1980 quadtuor
1489 1889 1610 1960 solidos
1640 1891 1676 1961 in

243 2014 384 2106 presenti
407 2011 565 2106 perceptis
590 2012 674 2080 sieut
705 2009 853 2104 superins
884 2010 1004 2102 legitur
1034 2011 1099 2080 buc
1131 2010 1191 2079 tibi
1222 2009 1411 2082 binditionis
1444 2013 1674 2085 documentum

244 2139 337 2209 emisi
361 2140 517 2231 scriptum
540 2159 600 2230 per
622 2158 738 2206 manus
760 2133 863 2204 leonis
895 2132 1088 2204 sanctissimi
1123 2132 1291 2227 presbiteri
1322 2133 1358 2204 in
1381 2157 1421 2204 co
1456 2145 1488 2205 et
1512 2159 1574 2230 ego
1606 2163 1672 2209 una

244 2288 319 2335 cum
343 2261 418 2333 tiliis
441 2263 523 2334 meis
546 2263 637 2355 signa
667 2269 775 2332 sancte
806 2259 911 2329 crucis
945 2257 1081 2327 fecimus
1114 2256 1247 2326 testibus
1284 2280 1349 2351 qne
1386 2284 1405 2327 a
1436 2257 1530 2329 nobis
1561 2263 1676 2354 regitis

244 2388 420 2482 optulimus
455 2385 699 2458 suscribendum
733 2394 841 2453 aetum
876 2383 911 2452 in
944 2380 1123 2452 benebento
1155 2382 1208 2452 die
1242 2382 1378 2476 septima
1415 2384 1535 2453 mensis
1566 2388 1677 2455 martii

243 2517 417 2589 indictione
441 2516 545 2610 prima
568 2511 599 2606 †
630 2564 853 2584 ..........
885 2511 948 2580 alia
971 2533 1085 2580 manus
1093 2560 1245 2582 .......
1253 2510 1316 2580 boc
1347 2511 1477 2606 signum
1508 2510 1678 2606 †manus

243 2639 411 2714 silberade.

389 2767 452 2835 hoc
476 2767 606 2859 signum
623 2761 654 2857 †
669 2785 784 2833 manus
808 2762 914 2856 lupub

386 2894 449 2964 boe
473 2894 603 2987 signum
620 2889 651 2987 †
668 2911 782 2962 manus
805 2891 893 2961 leoni
1000 2857 1013 2882 ’

387 3019 450 3090 hoc
474 3019 604 3111 signum
621 3015 652 3110 †
667 3038 782 3087 manus
805 3014 923 3086 troaldi
943 3014 1066 3086 casindi
1102 3016 1215 3086 domni
1239 3040 1336 3110 argus
1360 3019 1418 3112 qui
1442 3027 1537 3090 testes
1565 3021 1676 3092 existit

388 3147 451 3218 boc
476 3145 605 3237 signum
629 3163 744 3212 manus
760 3139 791 3233 †
808 3139 905 3209 alloni
929 3139 1050 3210 easindi
1074 3141 1132 3233 qui
1155 3143 1244 3211 testis
1267 3144 1385 3215 existet

391 3274 454 3342 boc
477 3271 605 3362 signum
621 3267 652 3360 †
667 3289 782 3337 manus
805 3265 932 3338 adoaldi
956 3267 1081 3337 casindi
1104 3267 1163 3361 qui
1187 3271 1276 3338 testis
1299 3269 1416 3341 existet

263 3487 265 3490 Ι
388 3399 451 3468 boe
475 3397 604 3490 signum
621 3392 652 3488 †
668 3399 783 3464 manus
806 3392 905 3463 alloni
928 3392 1050 3465 easindi
1074 3395 1186 3466 domni
1209 3397 1314 3490 gisolfi
1338 3397 1398 3492 qui
1421 3400 1509 3471 testis
1537 3401 1653 3472 existet

388 3525 452 3596 boc
475 3524 604 3616 signum
628 3543 743 3592 manus
765 3521 835 3592 ursi
858 3521 1023 3594 eremanni
1047 3522 1106 3617 qui
1130 3523 1220 3594 testis
1243 3526 1360 3597 existet

340 3651 371 3746 †
394 3654 465 3746 Ego
488 3651 540 3721 leo
564 3647 716 3741 indignus
739 3645 898 3742 presbiter
920 3656 1027 3717 sancte
1051 3646 1185 3718 ecclesie
1208 3653 1328 3722 nolano
1360 3647 1425 3721 huc
1450 3655 1679 3728 docomentum

245 3786 369 3852 lactum
394 3805 413 3848 a
437 3775 601 3848 selberada
626 3773 677 3845 rel
703 3774 773 3845 eius
797 3770 882 3842 lilios
904 3771 939 3840 in
961 3783 1091 3866 petrum
1126 3771 1423 3844 reberentissimum
1447 3777 1679 3852 subdiaconum

197 3911 199 3916 ’
246 3933 306 4002 pro
330 3906 530 3978 auremundo
553 3913 585 3976 et
608 3900 742 3972 collossa
766 3899 820 3968 vel
843 3899 912 3970 eius
939 3897 1023 3966 lilios
1054 3896 1217 3990 cumplebi
1247 3908 1279 3969 et
1311 3898 1435 3970 absolvi
1469 3903 1521 3974 die
1557 3928 1679 4000 supra-

246 4036 364 4127 scripta
389 4043 530 4125 septema
554 4029 672 4099 mensis
697 4025 806 4098 martii
830 4023 1006 4096 indictione
1035 4023 1140 4116 prima
1156 4022 1187 4118 †
1204 4024 1251 4120 (7)
1260 4075 1457 4098 .........
1490 4035 1532 4100 nb
1555 4043 1587 4104 et
1619 4037 1680 4105 alia

246 4184 360 4232 manus
368 4205 711 4228 ...............

327 4517 373 4600 (6)
394 4517 497 4579 Verba
517 4537 538 4579 a
564 4523 656 4594 gente
687 4511 752 4576 sire
779 4532 799 4572 a
816 4509 962 4590 partibus
988 4509 1296 4590 Langobardorum,
1321 4511 1479 4587 Liburiam
1504 4509 1682 4591 Langobar-

246 4634 340 4710 dam,
371 4632 466 4697 verba
486 4642 591 4693 antem
611 4649 632 4688 a
650 4637 743 4704 pane
763 4625 896 4686 militiae
930 4624 1061 4709 (addito
1082 4625 1267 4708 quandoque
1288 4623 1606 4707 Neapolitanam)
1627 4622 1682 4683 Li-

248 4746 369 4806 buriam
394 4739 547 4806 Ducelem
567 4737 805 4800 siveDucetum
819 4734 1058 4817 Neapolitanum
1087 4736 1164 4796 olim
1193 4734 1387 4797 denotarunt.

328 4853 375 4934 (7)
395 4853 439 4916 Ne
459 4852 509 4912 cui
530 4851 644 4912 mirum
664 4845 788 4910 sortasse
808 4843 949 4908 videntur
976 4845 1044 4907 heic
1063 4845 1274 4927 presbyterum
1296 4846 1433 4906 Nolanus
1454 4841 1609 4905 Ecclesiae
1630 4855 1677 4902 ta-

248 4965 391 5027 bellionis
415 4983 538 5026 munere
564 4962 706 5025 iunctum·
730 4979 815 5038 esse,
839 4955 1151 5020 animadvertendum
1173 4957 1377 5033 arbitramur,
1410 4956 1495 5038 quod
1517 4971 1680 5038 postquam
