4692 6512
875 662 1014 760 (tos)

872 893 1002 964 XLVII.

322 1085 353 1180 †
377 1087 414 1158 ln
437 1088 569 1158 nomine
593 1083 719 1158 domini
742 1083 795 1157 dei
817 1083 986 1156 salvatoris
1008 1083 1113 1156 nostri
1139 1081 1233 1157 ihesu
1249 1081 1363 1155 christi
1385 1085 1564 1178 imperante
1581 1083 1647 1153 do·
1721 1145 1770 1190 an·

230 1215 321 1284 mino
343 1223 455 1287 nostro
471 1213 681 1288 Constantino
698 1233 818 1308 magno
841 1212 1036 1306 imperatore
1060 1232 1145 1282 anno
1160 1209 1324 1282 tricesimo
1339 1232 1426 1281 nono
1452 1213 1563 1283 sedet
1585 1231 1648 1278 ro-
1708 1251 1788 1314 stt.

228 1362 325 1410 mano
348 1363 469 1436 magno
492 1339 689 1433 imperatore
713 1337 783 1410 eius
806 1335 875 1407 lilio
897 1357 983 1407 anno
1000 1335 1142 1408 secundo
1158 1333 1211 1408 die
1226 1334 1379 1410 vicesima
1405 1335 1541 1430 septima
1557 1357 1647 1407 meu-

98 1491 103 1502 ·
228 1466 271 1535 sis
295 1467 405 1537 martii
441 1466 616 1538 indictione
640 1464 761 1558 quinu‘
791 1465 919 1558 neapoli
952 1464 1084 1536 Certum
1113 1472 1161 1536 est
1194 1485 1249 1537 me
1287 1463 1461 1536 iohannem
1488 1463 1648 1536 humilem

230 1589 454 1683 presbyterum
478 1587 582 1660 hlium
605 1588 740 1684 quidem
763 1589 888 1660 domini
910 1587 1079 1684 gregorii:
1106 1613 1125 1658 a
1156 1588 1298 1683 presenti
1331 1587 1384 1661 die
1410 1587 1651 1682 promptissima

230 1714 396 1786 uoluntate
419 1714 506 1786 douo
530 1723 563 1786 et
586 1713 680 1784 trado
703 1712 765 1783 tivi
789 1713 923 1786 domino
955 1712 1089 1786 iohanni
1124 1713 1192 1785 lilio
1227 1714 1360 1808 quidem
1397 1713 1521 1786 domini
1552 1714 1653 1786 theo-

230 1839 340 1909 filacti:
367 1838 453 1910 ldest
475 1838 641 1932 integrum
663 1839 804 1912 fundum
819 1860 931 1910 meum
953 1839 1096 1934 positum
1120 1841 1155 1912 in
1171 1839 1377 1911 marilianum
1401 1863 1465 1912 una
1489 1863 1565 1912 cum
1593 1851 1655 1911 tres

232 1975 334 2037 terras
356 1986 445 2038 meas
466 1966 588 2060 positas
612 1965 659 2037 ibi
681 1966 789 2060 ipsum
812 1991 855 2040 ex
880 1966 999 2062 quibus
1021 1989 1086 2038 una
1102 1975 1188 2038 terra
1204 1968 1391 2037 nominatur
1419 1945 1589 2060 adpinum
1606 1969 1654 2062 (t)

233 2113 309 2162 eum
332 2091 521 2166 intersicum
545 2114 643 2166 suum
666 2091 729 2163 alia
764 2103 851 2166 terra
886 2092 945 2188 qui
979 2091 1099 2164 dictim
1131 2091 1309 2164 arelianum
1345 2090 1440 2164 tertia
1475 2103 1560 2162 terra
1593 2117 1658 2186 que

234 2216 421 2287 nominatur
444 2239 572 2311 campu
586 2218 711 2288 maiore
732 2217 931 2312 utriusque:
963 2239 1028 2287 una
1051 2239 1127 2288 eum
1151 2216 1320 2288 arboribus
1355 2227 1388 2288 et
1412 2237 1488 2286 cum
1511 2216 1658 2286 introitas

237 2363 311 2412 suas
334 2349 368 2413 et
390 2340 542 2413 omnibus
566 2341 629 2414 siri
652 2341 887 2437 pertinentibus
911 2343 1126 2438 inquantum
1152 2352 1185 2415 et
1218 2341 1385 2438 quomodo
1414 2341 1497 2412 mihi
1524 2341 1656 2412 obvenit

238 2465 414 2561 equidem
438 2467 570 2540 domina
593 2489 676 2539 anna
700 2467 834 2541 honesta
857 2467 976 2538 semina
1008 2465 1074 2540 filia
1109 2467 1242 2562 quidem
1267 2467 1391 2539 domini
1426 2465 1571 2560 gregorii
1604 2490 1657 2538 re-

237 2592 312 2662 licta
349 2601 458 2666 autem
493 2592 627 2688 quidem
652 2592 777 2665 domiui
808 2592 942 2664 iohanni
965 2615 1025 2687 per
1055 2593 1200 2664 chartula
1230 2615 1303 2664 mea
1331 2593 1517 2662 membrana
1540 2593 1657 2685 scripta

238 2741 337 2813 quam
363 2728 396 2792 et
418 2719 488 2813 ipsa
512 2717 659 2789 chartula
681 2740 754 2792 mea
779 2717 840 2788 tiri
863 2741 902 2788 ee
924 2717 960 2786 iu
983 2716 1123 2810 presenti
1147 2713 1221 2786 dedi
1245 2737 1321 2785 cum
1345 2717 1453 2786 omnia
1488 2742 1552 2811 que
1576 2741 1662 2789 eou-

237 2847 317 2918 tinet
340 2869 401 2939 pro
425 2853 481 2916 tua
496 2845 720 2940 heredumque
735 2853 870 2918 tuorum
885 2842 1062 2916 salhatione
1081 2842 1129 2940 (t)
1146 2842 1321 2938 dequibus
1343 2841 1425 2916 nihil
1445 2843 1526 2916 mihi
1543 2845 1658 2918 exinde

238 2977 279 3047 de
318 2975 452 3070 aliquod
490 2973 642 3046 remansit
683 2981 740 3046 aut
777 2973 942 3048 reservavi
977 2999 1038 3048 uec
1076 2974 1112 3046 in
1152 2972 1289 3046 alienam
1329 2972 1486 3072 cuiusque
1522 3001 1658 3074 persona

239 3105 327 3196 quod
352 3103 435 3174 absit
457 3099 608 3171 commisi
631 3107 689 3171 aut
711 3103 776 3174 ianr
800 3101 969 3175 committo
997 3111 1216 3198 potestatem:
1254 3113 1287 3176 et
1321 3129 1340 3173 a
1375 3106 1516 3199 presenti
1541 3107 1592 3179 die
1629 3117 1661 3177 et

239 3232 389 3324 deinceps
413 3232 620 3304 usufructum
643 3228 770 3302 dierum
794 3229 861 3300 vite
896 3231 1060 3304 nominate
1084 3233 1215 3304 domine
1244 3257 1354 3306 annes
1389 3258 1407 3304 a
1431 3257 1485 3307 me
1516 3233 1576 3306 tiri
1600 3238 1664 3306 sint

238 3360 272 3428 in
298 3358 426 3450 integro
449 3358 605 3429 donatum
628 3367 661 3428 et
684 3356 840 3428 traditum
864 3356 899 3426 in
926 3367 982 3428 tua
1011 3356 1140 3453 tuisque
1173 3357 1347 3432 heredibus
1377 3360 1442 3431 sint
1473 3369 1664 3454 potestatem

242 3503 371 3574 queque
396 3479 512 3553 exinde
535 3481 641 3552 lacere
665 3479 857 3554 volueritisa
884 3489 917 3554 et
943 3505 1050 3577 neque
1074 3506 1092 3552 a
1115 3504 1169 3553 me
1193 3483 1360 3554 nominato
1383 3483 1523 3558 iohanne
1547 3485 1665 3557 humi-

242 3606 306 3678 lem
329 3603 553 3699 presbyterum
583 3626 690 3698 neque
714 3628 733 3673 a
756 3604 837 3676 meh
867 3605 1041 3679 heredibus
1070 3629 1130 3678 nec
1154 3632 1172 3677 a
1198 3606 1290 3680 nobis
1317 3611 1461 3702 personis
1485 3611 1663 3680 summissis

242 3732 331 3803 nullo
355 3741 502 3825 tempore
536 3754 716 3826 numquam
748 3742 786 3804 tu
810 3731 975 3806 nominato
999 3733 1132 3806 domino
1161 3733 1300 3806 iohanne
1325 3745 1380 3804 ant
1403 3735 1576 3808 heredibus
1599 3737 1664 3808 tuis

323 4121 368 4203 (ι)
390 4122 522 4191 Pinus,
541 4141 628 4202 quern
650 4141 784 4205 praesens
805 4121 978 4184 membrana
997 4119 1112 4195 innuit,
1134 4117 1286 4182 cuiusdam
1307 4119 1369 4199 agri
1385 4117 1608 4181 nomenclatura
1623 4135 1667 4180 est

244 4228 365 4310 perinde
386 4250 422 4290 ae
442 4230 642 4306 Aelianas,
663 4245 694 4290 et
711 4231 1001 4311 Campus-Maior,
1023 4229 1077 4311 qui
1099 4229 1165 4290 heie
1177 4230 1248 4290 item
1261 4241 1469 4291 memorentur.
1486 4229 1581 4290 Hosee
1596 4249 1667 4289 vero

245 4359 327 4418 agros
347 4338 386 4400 ad
405 4337 557 4400 Maniliani
576 4359 689 4422 pagum
710 4354 870 4422 spectasse,
902 4353 932 4400 et
952 4339 1140 4423 neapolitana
1160 4341 1191 4400 in
1220 4339 1339 4399 Liburia
1369 4339 1494 4399 extitisse
1525 4353 1607 4420 patet
1631 4360 1668 4399 ex

245 4455 309 4530 ipsa
328 4451 385 4512 hac
405 4453 601 4530 membrana,
624 4473 701 4536 quae
722 4453 849 4535 Neapoli
877 4453 996 4515 condita
1025 4452 1092 4513 suit.
1119 4451 1226 4513 Extitir
1253 4471 1342 4532 porro
1367 4465 1397 4511 et
1423 4451 1499 4510 alter
1521 4453 1625 4510 Pinus
1649 4475 1666 4510 a

248 4563 392 4625 Cusullue
412 4583 489 4647 pago
508 4584 568 4624 non
589 4561 754 4626 admodum
774 4563 910 4642 dissitus,
941 4577 971 4625 et
1000 4563 1061 4645 ipse
1081 4583 1175 4646 pagus
1205 4560 1282 4636 fuit,
1314 4564 1359 4621 uti
1379 4561 1536 4645 complura
1567 4578 1666 4624 nostra

244 4675 419 4736 documenta
439 4688 589 4736 testantur.

325 4787 370 4871 (a)
392 4787 551 4857 Salbake,
571 4789 636 4850 sive
657 4789 789 4851 salvatio
811 4789 880 4850 heic
901 4807 963 4848 non
985 4788 1098 4849 animae
1118 4786 1244 4850 salutem
1263 4787 1387 4848 aeternis
1417 4788 1447 4846 in
1473 4786 1557 4848 coelo
1586 4807 1665 4868 gan·

246 4903 304 4963 diis
324 4901 548 4984 adipiscendam
570 4902 713 4976 denotat,
735 4915 770 4962 ut
790 4905 820 4963 irr
834 4903 987 4984 plerisque
1002 4902 1180 4965 membranis
1192 4947 1201 4978 ‚
1214 4903 1264 4967 sed
1278 4924 1343 4965 eam
1356 4903 1559 4979 securitatem,
1573 4923 1666 4985 quarn

246 5015 413 5095 chartulae,
432 5017 495 5078 sive
518 5013 700 5080 documenta
721 5015 910 5097 praediorum
932 5017 1144 5100 possessoribus
1165 5015 1339 5080 afferebant.

1266 5147 1309 5203 tt
