4616 6532
683 699 794 760 XXVI

802 843 898 947 Qua
927 866 1026 922 vero
1055 837 1239 938 ratione,
1272 852 1312 918 et
1342 861 1426 946 quo
1456 829 1624 916 tandem
1648 833 1701 916 ab
1722 862 1826 936 acuo
1849 833 1963 948 apud
1985 865 2059 921 nos
2079 840 2127 922 in

680 1015 797 1072 more
825 983 1005 1097 positum
1037 979 1193 1085 fuerit,
1224 997 1272 1062 ut
1307 995 1470 1062 vetusta
1515 975 1768 1062 documenta
1807 979 1974 1090 publica
2020 981 2125 1065 lucis

679 1155 805 1212 usura
833 1123 1120 1226 donarentur,
1151 1139 1193 1204 et
1222 1148 1397 1224 eorum,
1428 1119 1504 1231 qui
1533 1118 1590 1201 ita
1620 1119 1893 1223 factitarunt,
1926 1121 2126 1231 quisnam

681 1271 795 1382 prior
825 1286 899 1353 aut
926 1265 1159 1376 diligentior
1188 1265 1395 1368 extiterit,
1417 1263 1644 1376 unicuique
1673 1291 1856 1375 pronum
1888 1282 1947 1346 est
1977 1263 2125 1374 digno-

683 1445 809 1499 scere.
833 1415 993 1499 Omnes
1022 1413 1134 1495 enim
1165 1410 1389 1515 historiae,
1420 1439 1524 1522 quas
1553 1428 1752 1494 nostrates
1780 1412 1996 1522 scriptores
2025 1443 2124 1498 exa-

685 1576 860 1662 rarunt,
892 1557 1055 1644 affatim
1084 1555 1434 1638 documentorum
1480 1553 1737 1657 attulerunt,
1782 1553 1936 1664 quibus
1978 1583 2122 1638 rerum

687 1701 916 1783 memoriae
936 1697 1200 1810 proditarum
1222 1695 1372 1780 veritus
1392 1699 1658 1781 innitebatur.
1677 1695 1743 1780 Ex
1762 1695 2006 1782 huiusmodi
2025 1727 2122 1780 con-

685 1840 929 1946 suetudine,
960 1869 1071 1953 quae
1091 1859 1353 1926 caeterarum
1371 1869 1542 1954 quoque
1562 1842 1748 1950 gentium
1774 1840 2042 1952 scriptoribus
2061 1843 2126 1924 l'a-

689 1986 863 2070 miliaris
892 1983 1126 2068 admodum
1155 2001 1371 2090 evaserat,
1413 1985 1458 2068 in
1487 2013 1632 2068 rerum
1651 2001 1891 2066 nostrarum
1910 1981 2128 2066 historiam

610 2201 613 2207 .
689 2157 774 2213 non
802 2157 936 2241 pauca
967 2126 1141 2241 quidem
1170 2126 1391 2212 commoda
1419 2127 1735 2232 redundarunt,
1768 2157 1816 2210 ac
1858 2125 2017 2211 idcirco·
2051 2158 2128 2211 no·

689 2288 833 2353 strates
862 2267 1176 2380 historiographi
1206 2270 1259 2351 ab
1288 2285 1529 2352 exterorum
1551 2269 1675 2352 laude
1696 2295 1847 2379 parum
1871 2266 2045 2350 abfuisse
2064 2271 2133 2351 vi-

691 2411 852 2495 dentur.
873 2411 1183 2498 Verumtamen
1203 2407 1452 2494 dissimulari
1481 2439 1565 2493 non
1584 2429 1717 2522 potest
1738 2408 1874 2494 deesse
1895 2406 2033 2492 adhuc
2051 2439 2132 2494 no·

692 2557 755 2640 bis
783 2583 886 2668 opus
915 2553 1051 2660 illud,
1083 2583 1168 2668 quo
1197 2555 1287 2637 iure
1315 2584 1413 2640 cum
1434 2555 1605 2668 reliquis
1625 2554 1861 2638 nationibus
1880 2551 2130 2638 contendero

692 2700 923 2811 possimus,
954 2698 1235 2811 diplomatum
1263 2699 1435 2802 scilicet,
1467 2728 1515 2781 ac
1544 2700 1915 2784 instrumentorum
1936 2697 2129 2780 omnium

693 2846 979 2930 collectionem
1007 2841 1215 2954 diligentia
1243 2872 1376 2955 quam
1405 2843 1622 2947 maxima,
1656 2873 1703 2925 ac
1732 2841 1877 2926 ordine
1913 2843 2131 2926 absolutis·

693 2991 799 3072 simo
828 2986 884 3071 ad
912 2987 1163 3072 umbilicum
1193 2986 1420 3071 adductam
1441 3017 1489 3070 ac
1522 2985 1762 3099 perlectam.
1786 2987 1854 3071 Ab
1882 2985 1962 3069 hac
2005 3016 2130 3070 causa

696 3130 791 3236 fuit,
814 3133 1093 3244 quamobrem
1115 3131 1181 3215 vel
1200 3133 1257 3235 ii,
1289 3159 1474 3244 quorum
1500 3131 1709 3241 ingenium
1732 3131 1935 3214 excelsius
1964 3159 2011 3213 ac
2039 3158 2132 3213 ma·

696 3271 952 3383 gnificentius
979 3303 1065 3356 sese
1095 3273 1275 3376 extulit,
1306 3301 1440 3386 quarn
1468 3275 1611 3360 aetatis
1639 3303 1738 3356 suae
1768 3272 1948 3356 conditio
1969 3291 2132 3384 putere-

697 3432 793 3519 tur,
824 3441 909 3498 non
936 3413 1178 3498 huiusmodi
1218 3433 1359 3498 tamen
1402 3413 1618 3501 historiam
1663 3415 1781 3498 nobis
1824 3413 2127 3527 prodiderunt,

698 3588 806 3673 quae
834 3557 951 3643 nulla
980 3587 1034 3644 ex
1063 3576 1181 3670 parte
1210 3559 1398 3664 laboret,
1445 3589 1629 3676 veraque
1659 3579 1699 3643 ot
1728 3561 1943 3674 explorata
1986 3562 2132 3647 omnia

697 3730 771 3785 nos
799 3699 955 3786 doceat.
985 3700 1033 3784 Id
1065 3729 1164 3786 vero
1191 3730 1276 3786 non
1311 3703 1458 3814 culpae
1473 3765 1486 3806 ,
1531 3702 1603 3785 sed
1646 3704 1795 3786 maiori
1837 3705 1973 3816 potius
2015 3705 2132 3790 laudi

698 3847 793 3959 ipsis
822 3844 1093 3933 tribuendum
1122 3863 1203 3950 est,
1234 3849 1392 3960 quippe
1433 3848 1510 3958 qui
1539 3846 1606 3931 vel
1649 3848 1830 3931 cuiusvis
1873 3847 2131 3960 diplomatici

698 3985 847 4070 codicis
865 3985 1045 4071 subsidio
1065 3986 1248 4070 destituti
1261 4095 1269 4104 Ι
1282 3985 1561 4091 documenta,
1598 4017 1706 4099 quae
1726 3984 1897 4071 aliunde
1917 4017 2133 4097 corrogare

699 4131 777 4214 sibi
806 4131 948 4235 licuit,
980 4129 1123 4214 sedulo
1152 4149 1442 4236 excusserunt,
1475 4161 1522 4215 ac
1551 4133 1869 4245 perfectiorem,
1899 4159 2030 4244 quarn
2050 4160 2133 4216 ex-

700 4271 952 4384 pectandum
981 4293 1093 4378 erat,
1125 4273 1342 4358 historiam
1384 4277 1614 4387 posteritati
1656 4275 1932 4360 tradiderunt.
1976 4277 2133 4389 Neque

701 4415 813 4498 enim
841 4417 988 4502 Livius
1016 4415 1132 4530 ipse,
1163 4433 1212 4500 ut
1239 4417 1613 4504 vetustissimorum
1656 4438 1895 4533 temporum
1933 4419 2130 4531 exemplo

696 4577 898 4665 utamur,
943 4563 1100 4646 summi
1134 4563 1343 4675 scriptoris
1372 4564 1516 4648 munia
1550 4593 1716 4677 prorsus
1749 4565 1864 4648 obire
1893 4567 2125 4678 potuisset,

698 4704 776 4787 nisi
804 4701 1054 4789 Pontificum
1099 4707 1295 4813 annales,
1335 4727 1377 4792 et
1415 4728 1620 4822 quotquot
1649 4709 1730 4794 alia
1758 4728 1948 4798 veterum
1984 4737 2129 4793 rerum

699 4869 973 4935 monumenta
1001 4871 1102 4937 tunc
1132 4855 1333 4968 temporis
1362 4855 1710 4962 asservabantur,
1748 4885 1880 4970 quam
1909 4853 2131 4966 diligentis-

699 4989 802 5072 sime
830 4989 1108 5077 consuluisset.
