4692 6512
845 647 996 743 (ιιι)

207 808 439 903 suprascriptos
461 807 502 878 eb
526 807 573 878 eis
596 816 731 901 rogetus
746 829 808 900 pro
823 804 873 874 eis
887 802 1062 898 subscripsi
1079 826 1138 900 per
1153 805 1364 879 indictionem
1381 811 1631 903 suprascriptam

207 933 410 1006 undecimam
433 932 663 1026 suprascriptas
686 954 744 1004 sex
767 931 879 1002 uncins
904 930 945 1001 de
961 931 1178 1026 suprascripte
1208 931 1387 1004 hereditate
1416 936 1632 1030 suprascripte

208 1063 338 1135 domine
362 1085 445 1134 enne
467 1061 602 1133 honeste
625 1060 745 1132 iemine
768 1056 918 1152 genitrici
938 1079 1011 1128 mee
1034 1059 1120 1130 sicut
1143 1061 1293 1154 superius
1316 1063 1436 1156 legitur
1452 1065 1546 1135 sitin
1562 1088 1631 1158 po-

206 1199 321 1263 testate
343 1189 559 1284 suprascripte
584 1186 734 1281 genitrici
750 1210 824 1260 mec
847 1188 1001 1260 omnihus
1023 1187 1092 1261 vite
1114 1212 1172 1261 suc
1197 1190 1312 1262 diebus
1336 1193 1378 1262 ed
1402 1193 1576 1264 fruendum
1601 1202 1636 1262 et

209 1319 479 1390 commedendum
501 1319 682 1412 regendum
705 1325 739 1390 ct
763 1317 1011 1412 gubernandum
1046 1323 1079 1386 ct
1113 1326 1187 1409 post
1219 1317 1290 1389 eius
1322 1318 1496 1390 transitum
1525 1341 1635 1390 rever-

209 1454 298 1516 tatur
321 1445 357 1516 in
379 1444 599 1540 suprascripto
621 1442 830 1515 monasterio.

305 1570 432 1664 †Eg0
454 1569 625 1664 gregorius
648 1569 736 1640 filius
758 1569 885 1642 domini
908 1570 1059 1642 iohannis
1082 1582 1216 1663 rogetus
1241 1597 1260 1642 a
1282 1573 1509 1666 suprascriptis
1541 1573 1636 1664 geni-

209 1691 285 1766 trici
308 1704 342 1766 ct
365 1696 434 1768 [iiio
457 1695 548 1768 testis
572 1694 760 1788 subscripsi.

306 1821 432 1916 †Ego
455 1832 566 1916 petrus
589 1823 675 1895 filius
699 1822 824 1896 domini
846 1825 995 1919 stephani
1019 1835 1152 1918 rogatus
1185 1852 1205 1896 u
1228 1825 1453 1921 suprascriptis
1487 1825 1638 1918 genitrici

211 1959 245 2020 et
269 1948 338 2020 filio
360 1950 450 2022 testis
473 1949 659 2043 subscripsi.

308 2071 340 2167 †
362 2079 434 2170 Ego
457 2076 614 2150 iohannes
637 2077 723 2149 iilius
747 2078 872 2150 domini
904 2077 1006 2150 leonis
1029 2089 1164 2174 rogatus
1187 2105 1207 2150 a
1230 2077 1456 2172 suprascriptis
1490 2072 1641 2172 genitrici

212 2221 247 2279 et
271 2207 340 2278 filio
363 2207 453 2278 testis
469 2205 686 2302 subscripsi†

309 2333 341 2428 †
356 2336 430 2428 Ego
446 2336 607 2429 pretiosus
622 2335 791 2430 presbyter
805 2345 838 2406 et
850 2336 998 2408 noterius
1013 2343 1122 2410 sancte
1134 2336 1269 2409 ecclesie
1285 2334 1468 2430 syrrentine
1480 2332 1641 2425 compleri

214 2486 275 2556 per
298 2453 475 2534 indictione
499 2461 716 2556 suprascripte
740 2463 912 2536 undecima
