4616 6532
898 619 993 718 (7)

235 786 414 850 memorata
436 787 545 850 nostra
569 779 790 852 benditionem
815 789 940 851 tantum
971 801 1031 852 vos
1046 780 1105 875 qui
1121 802 1219 872 supra
1251 785 1489 872 comparatores
1512 799 1610 872 quam
1635 786 1667 849 et

235 906 350 976 vestris
366 904 512 978 heredes:
532 915 564 976 et
576 905 640 976 boc
654 906 911 1000 repromittimus
928 927 988 978 nos
1003 906 1062 1002 qui
1085 927 1182 999 supra
1205 903 1388 975 benditores
1405 912 1437 974 et
1456 903 1618 997 nosipsos
1634 913 1667 974 et

234 1041 362 1102 nostros
378 1031 599 1105 concludimus
614 1032 749 1104 heredes
763 1040 922 1126 quatenus
936 1031 1030 1103 vobis
1045 1052 1145 1126 quarn
1168 1038 1200 1100 et
1213 1039 1337 1100 vestros
1351 1028 1486 1102 heredes
1497 1028 1566 1122 ipsa
1580 1029 1668 1101 ben-

235 1156 392 1228 ditionem
412 1169 522 1228 nostra
545 1156 609 1227 bab
633 1179 745 1228 omnes
768 1156 917 1229 homines
940 1156 1134 1229 inantestare
1158 1165 1191 1227 ct
1214 1155 1385 1227 defendere
1414 1155 1607 1228 debeamus:
1635 1164 1668 1226 ct

236 1283 360 1375 quidsi
378 1284 470 1354 vobis
494 1284 635 1355 menime
658 1283 852 1356 inantestare
876 1293 932 1354 aut
955 1285 1126 1356 defendere
1149 1281 1353 1377 potuerimus
1375 1281 1489 1374 primis
1519 1282 1667 1352 omnium

236 1410 277 1480 de
302 1407 489 1479 conludium
504 1411 552 1506 (3)
568 1409 713 1480 iuremus
728 1409 821 1480 vobis
835 1411 1011 1482 secundum
1029 1409 1136 1502 legem
1160 1418 1217 1478 aut
1239 1407 1268 1477 si
1290 1406 1360 1500 ipsa
1373 1407 1518 1479 heodicio
1541 1409 1577 1478 in
1600 1409 1667 1479 ali-

236 1534 316 1628 quid
339 1535 444 1606 modis
467 1535 674 1606 remeliorata
696 1533 840 1629 paruerit
863 1534 924 1605 sub
951 1533 1153 1606 estimatione
1176 1532 1273 1627 pretii
1296 1530 1462 1604 subiacere
1486 1533 1603 1604 debeas
1634 1544 1667 1604 et

237 1672 416 1734 memorato
432 1661 537 1756 pretio
553 1685 636 1756 quos
651 1687 670 1732 a
684 1685 743 1733 vos
760 1661 942 1756 accepimus
958 1662 1030 1756 ipso
1050 1661 1144 1734 vobis
1166 1661 1202 1732 in
1217 1659 1339 1754 dupplo
1362 1683 1557 1753 componere
1580 1683 1665 1754 pro-

235 1791 394 1862 mittimus
417 1799 450 1862 et
472 1813 602 1883 presens
625 1792 747 1862 cartula
769 1789 964 1862 benditionis
986 1789 1022 1858 in
1044 1789 1207 1883 perpetuis
1229 1787 1429 1880 temporibus
1444 1789 1539 1857 lirma
1555 1797 1588 1858 et
1603 1798 1666 1858 sta-

237 1917 311 1988 bilis
333 1925 520 2012 permaneat
542 1917 681 2012 qualiter
703 1940 762 1988 nos
786 1917 845 2012 qui
867 1940 964 2012 supra
986 1915 1170 1987 benditores
1193 1925 1225 1985 tc
1249 1914 1436 1984 mellianum
1450 1913 1667 2008 presbiterum

237 2045 379 2116 scribere
402 2043 590 2136 rogavimus
613 2055 721 2116 actum
744 2045 779 2116 in
802 2053 949 2116 sanctum
971 2043 1151 2137 helpidium
1173 2042 1221 2138 (4)
1253 2041 1288 2110 in
1312 2059 1400 2112 mese
1434 2049 1466 2112 et
1491 2039 1666 2112 indictione

240 2179 418 2243 memorata
442 2168 578 2238 feliciter

243 2502 376 2566 diversas
398 2502 481 2586 apud
502 2503 588 2564 siclos
608 2501 773 2582 bysanthei
795 2498 1002 2579 cuderentur,
1025 2521 1138 2584 eosque
1157 2521 1270 2564 uranos
1294 2516 1324 2565 et
1356 2503 1441 2567 albos
1475 2521 1666 2592 nuncupatos

238 2615 354 2694 luisse,
376 2630 471 2699 prout
490 2635 527 2676 ex
547 2636 624 2676 auro
644 2613 700 2677 vel
720 2627 843 2695 argento
864 2627 1046 2678 constarent.

322 2731 359 2790 ln
381 2731 491 2790 nostris
511 2727 638 2811 quidem
659 2727 844 2790 membranis
864 2749 960 2810 quam
980 2728 1150 2809 saepissime
1169 2726 1419 2809 bysantlreorum
1435 2731 1565 2792 occurrit
1577 2751 1667 2795 men-

239 2843 290 2902 tio.
311 2842 358 2903 De
378 2841 509 2916 valore,
541 2859 636 2922 quem
658 2838 784 2902 diversis
811 2838 1003 2922 temporibus
1032 2854 1148 2902 nostras
1177 2839 1259 2922 apud
1287 2842 1422 2922 regiones
1441 2842 1667 2919 obtinuerunt,

240 2952 322 3014 nihil
342 2949 430 3012 aliud
452 2949 558 3013 afferre
578 2969 736 3031 possumus
756 2961 876 3032 praeter
908 2969 944 3011 ca
977 2970 1055 3031 quae
1077 2950 1225 3013 Glaritins
1245 2951 1361 3027 babet,
1382 2953 1527 3014 nimirum
1547 2953 1669 3032 bysan-

240 3066 326 3127 theos
347 3063 459 3127 saeculi
480 3064 543 3123 xil
566 3060 649 3144 apud
680 3062 911 3123 beneventanos
941 3063 1112 3124 aestimatos
1136 3062 1228 3124 luisse
1247 3063 1318 3126 XV.
1339 3063 1428 3124 Iuliis
1449 3084 1467 3124 a
1487 3069 1524 3132 P.
1545 3065 1589 3127 M.
1609 3068 1668 3129 Be-

240 3177 364 3239 nedicto
383 3176 460 3236 XIII
480 3175 514 3234 in
534 3173 596 3234 anis
616 3173 656 3234 V.
676 3170 811 3234 Concilii
837 3173 1040 3238 beneventani
1068 3173 1346 3252 illustrationibus,
1378 3175 1568 3254 bysantlreos
1592 3198 1667 3242 vero

240 3287 356 3349 saeculi
376 3288 452 3348 Xlll
483 3283 562 3367 apud
583 3303 637 3346 nos
657 3283 792 3346 ualuisse
813 3283 979 3348 duodecim
1001 3285 1159 3348 carolcnis.

320 3398 364 3480 (3)
389 3395 605 3473 Conludrirm,
627 3397 693 3460 sive
713 3395 894 3459 colludium
913 3397 1005 3461 modo
1025 3420 1082 3482 pro
1102 3401 1168 3462 rixa
1201 3414 1231 3464 et
1250 3401 1370 3484 iurgio,
1407 3400 1502 3464 modo
1521 3422 1577 3484 pro
1597 3392 1666 3465 col·

237 3509 358 3572 lusione
380 3505 461 3591 apud
481 3504 604 3570 infimae
625 3507 790 3570 latinitatis
809 3509 971 3592 scriptores
999 3525 1180 3592 usurpatum
1208 3510 1296 3588 luit,
1323 3526 1359 3573 ut
1387 3527 1515 3576 testatur
1535 3516 1668 3594 Cangius

239 3621 271 3680 in
290 3620 349 3680 hac
369 3639 453 3684 voce.
472 3621 509 3681 ln
529 3623 677 3702 praesenti
696 3620 875 3682 membrana
894 3621 1105 3704 Langobardis
1125 3622 1182 3683 sub
1202 3621 1338 3684 Ducibus
1359 3640 1481 3688 exarata
1500 3623 1585 3686 idem
1604 3646 1665 3688 vo-

237 3732 385 3794 cabulum
406 3731 540 3796 secunda
559 3731 686 3814 quidem
706 3729 922 3814 accipiendum
942 3747 988 3794 cst
1018 3731 1259 3814 significatione,
1283 3753 1376 3813 quam
1396 3735 1430 3794 in
1450 3735 1667 3816 Langobardo-

237 3866 308 3908 rum
328 3845 459 3927 Legibus
480 3845 582 3926 ipsum
602 3846 732 3906 obtinet.
751 3844 793 3906 Et
812 3864 885 3906 sane
905 3865 962 3926 pro
982 3845 1153 3906 collusione
1182 3844 1315 3907 ocurrrit
1339 3846 1372 3904 in
1393 3846 1489 3927 capite
1513 3866 1580 3925 192.
1601 3846 1662 3906 Le-

238 3978 313 4039 gum
334 3957 453 4018 Rotaria
475 3955 557 4038 apud
577 3956 777 4016 Muratorium
797 3949 858 4034 (Τ.
874 3957 903 4016 l.
920 3961 996 4017 Iler.
1010 3956 1084 4016 Ital.
1098 3956 1211 4034 Script.
1231 3957 1274 4016 P.
1286 3971 1319 4015 a.
1339 3975 1417 4036 pag.
1429 3955 1497 4038 so)
1515 3999 1524 4032 ,
1545 3957 1601 4016 nbi
1622 3958 1665 4018 ita

237 4081 387 4132 cavetur:
409 4069 447 4128 Si
470 4073 593 4144 pater,
613 4074 672 4126 aut
689 4063 821 4140 frater,
842 4073 902 4124 aut
919 4063 1043 4145 alr'quia
1065 4085 1105 4124 eu
1125 4064 1316 4144 parentibus
1337 4066 1486 4146 puellam
1514 4087 1587 4128 eam
1606 4071 1667 4130 alii

237 4178 451 4262 sponsaverit,
474 4185 505 4237 et
517 4185 631 4256 postea
650 4193 724 4236 cum
744 4173 811 4236 alio
823 4183 973 4235 extraneo
989 4171 1164 4236 colludium
1174 4174 1311 4256 ficerr't,
1333 4189 1392 4238 out
1401 4177 1559 4256 fraudem
1578 4199 1667 4242 com-

238 4294 361 4356 miserit
380 4311 454 4354 eum
473 4289 553 4367 illo,
577 4289 639 4370 qui
655 4307 727 4348 eum
746 4288 900 4351 uiolenter
909 4331 919 4366 ,
948 4297 1007 4349 aut
1025 4289 1096 4370 r'psu
1116 4290 1351 4370 consentiente,
1382 4292 1480 4356 ducat
1503 4313 1665 4368 uxorem

239 4419 315 4470 tunc
335 4406 387 4468 illi
404 4411 554 4486 parentes
575 4401 636 4482 qui
655 4401 753 4462 liuius
772 4401 901 4464 colludii
913 4397 1069 4477 fruudcrn
1083 4407 1320 4488 consenserint,
1340 4419 1533 4488 componant
1551 4429 1665 4490 sponso

237 4535 293 4583 etc.
314 4523 424 4601 ltaque
444 4517 477 4578 in
497 4529 605 4578 nostro
625 4515 686 4576 boc
706 4515 890 4580 documento
910 4516 1087 4580 venditores
1099 4517 1292 4600 pollicentur
1312 4539 1373 4582 sese
1394 4519 1588 4584 iureiurando
1608 4521 1667 4582 ad·

239 4633 395 4696 &matum
414 4632 482 4708 ire,
510 4629 596 4713 quod
617 4627 739 4690 nullam
760 4629 888 4692 omnino
909 4629 1059 4696 iniuerinc
1087 4629 1315 4710 collusionem,
1351 4633 1417 4698 sive
1448 4632 1609 4711 fraudem,
1640 4635 1665 4694 si

239 4746 315 4810 lorte
336 4746 527 4826 contingeret
538 4789 548 4821 ,
570 4757 604 4805 ut
623 4745 789 4828 qnisquam
809 4743 939 4824 emptori
959 4743 1182 4825 praeiudicium
1203 4745 1345 4824 afferret,
1366 4744 1453 4828 quod
1472 4748 1511 4808 ab
1524 4767 1559 4808 eo
1573 4767 1664 4810 aver-

239 4877 369 4920 runcare
389 4855 480 4918 nullo
500 4853 629 4938 quidem
649 4871 738 4937 pacto
757 4857 812 4937 ipsi
835 4857 999 4939 potuerint.

321 4966 367 5050 (4)
387 4968 467 5029 Cum
487 4986 624 5049 praescus
637 4969 870 5030 imtrumentum
884 4967 1042 5030 conditum
1057 4967 1176 5031 dicatur
1190 4969 1222 5036 iu
1238 4989 1316 5052 pago
1329 4976 1361 5038 S.
1376 4971 1502 5052 Elpidii
1512 4972 1566 5035 sub
1580 4974 1665 5039 Sico-
