<?xml version="1.0" encoding="UTF-8"?>
<!DOCTYPE html PUBLIC "-//W3C//DTD XHTML 1.0 Transitional//EN"
    "http://www.w3.org/TR/xhtml1/DTD/xhtml1-transitional.dtd">
<html xmlns="http://www.w3.org/1999/xhtml" xml:lang="en" lang="en">
 <head>
  <title>
</title>
<meta http-equiv="Content-Type" content="text/html;charset=utf-8" />
  <meta name='ocr-system' content='tesseract 3.04.00' />
  <meta name='ocr-capabilities' content='ocr_page ocr_carea ocr_par ocr_line ocrx_word'/>
</head>
<body>
  <div class='ocr_page' id='page_1' title='image "./monumentaeditaa01napogoog_0213.png"; bbox 0 0 4692 6512; ppageno 0'>
   <div class='ocr_carea' id='block_1_1' title="bbox 864 628 1010 727">
    <p class='ocr_par' dir='ltr' id='par_1_1' title="bbox 864 628 1010 727">
     <span class='ocr_line' id='line_1_1' title="bbox 864 628 1010 727; baseline -0.027 -25"><span class='ocrx_word' id='word_1_1' title='bbox 864 628 1010 727; x_wconf 69' lang='grc' dir='ltr'>(ιιι)</span> 
     </span>
    </p>
   </div>
   <div class='ocr_carea' id='block_1_2' title="bbox 880 912 995 984">
    <p class='ocr_par' dir='ltr' id='par_1_2' title="bbox 880 912 995 984">
     <span class='ocr_line' id='line_1_2' title="bbox 880 912 995 984; baseline -0.017 -2"><span class='ocrx_word' id='word_1_2' title='bbox 880 912 995 984; x_wconf 80' lang='lat' dir='ltr'><strong>xilv.</strong></span> 
     </span>
    </p>
   </div>
   <div class='ocr_carea' id='block_1_3' title="bbox 223 1161 1791 3278">
    <p class='ocr_par' dir='ltr' id='par_1_3' title="bbox 223 1161 1791 3278">
     <span class='ocr_line' id='line_1_3' title="bbox 328 1161 1778 1261; baseline 0.001 -25"><span class='ocrx_word' id='word_1_3' title='bbox 328 1161 411 1258; x_wconf 92' lang='lat' dir='ltr'><strong>†ln</strong></span> <span class='ocrx_word' id='word_1_4' title='bbox 435 1165 568 1238; x_wconf 92' lang='lat' dir='ltr'><strong>nomine</strong></span> <span class='ocrx_word' id='word_1_5' title='bbox 591 1165 715 1238; x_wconf 91' lang='lat' dir='ltr'><strong>domini</strong></span> <span class='ocrx_word' id='word_1_6' title='bbox 730 1165 783 1240; x_wconf 89' lang='lat' dir='ltr'><strong>dei</strong></span> <span class='ocrx_word' id='word_1_7' title='bbox 810 1165 978 1239; x_wconf 88' lang='lat' dir='ltr'><strong>salvatoris</strong></span> <span class='ocrx_word' id='word_1_8' title='bbox 1001 1166 1105 1237; x_wconf 79' lang='lat' dir='ltr'><strong>nosui</strong></span> <span class='ocrx_word' id='word_1_9' title='bbox 1129 1165 1222 1238; x_wconf 87' lang='lat' dir='ltr'><strong>ihesu</strong></span> <span class='ocrx_word' id='word_1_10' title='bbox 1245 1164 1359 1236; x_wconf 88' lang='lat' dir='ltr'><strong>christi</strong></span> <span class='ocrx_word' id='word_1_11' title='bbox 1389 1166 1567 1261; x_wconf 75' lang='lat' dir='ltr'><strong>imperante</strong></span> <span class='ocrx_word' id='word_1_12' title='bbox 1585 1167 1652 1238; x_wconf 92' lang='lat' dir='ltr'><strong>do-</strong></span> <span class='ocrx_word' id='word_1_13' title='bbox 1724 1206 1778 1254; x_wconf 63' lang='lat' dir='ltr'><strong>an,</strong></span> 
     </span>
     <span class='ocr_line' id='line_1_4' title="bbox 235 1290 1791 1392; baseline 0.004 -32"><span class='ocrx_word' id='word_1_14' title='bbox 235 1290 327 1362; x_wconf 91' lang='lat' dir='ltr'><strong>mino</strong></span> <span class='ocrx_word' id='word_1_15' title='bbox 360 1303 471 1363; x_wconf 91' lang='lat' dir='ltr'><strong>nostro</strong></span> <span class='ocrx_word' id='word_1_16' title='bbox 495 1293 704 1366; x_wconf 85' lang='lat' dir='ltr'><strong>Constantino</strong></span> <span class='ocrx_word' id='word_1_17' title='bbox 733 1292 967 1388; x_wconf 83' lang='lat' dir='ltr'><strong>porfirogenito</strong></span> <span class='ocrx_word' id='word_1_18' title='bbox 996 1315 1117 1387; x_wconf 88' lang='lat' dir='ltr'><strong>magno</strong></span> <span class='ocrx_word' id='word_1_19' title='bbox 1148 1292 1344 1392; x_wconf 78' lang='lat' dir='ltr'><strong>imperatore</strong></span> <span class='ocrx_word' id='word_1_20' title='bbox 1374 1316 1460 1364; x_wconf 87' lang='lat' dir='ltr'><strong>anno</strong></span> <span class='ocrx_word' id='word_1_21' title='bbox 1487 1293 1653 1366; x_wconf 86' lang='lat' dir='ltr'><strong>tricesimo</strong></span> <span class='ocrx_word' id='word_1_22' title='bbox 1707 1319 1791 1390; x_wconf 61' lang='lat'><strong>946,</strong></span> 
     </span>
     <span class='ocr_line' id='line_1_5' title="bbox 234 1417 1653 1516; baseline 0.005 -29"><span class='ocrx_word' id='word_1_23' title='bbox 234 1419 352 1490; x_wconf 89' lang='lat' dir='ltr'><strong>oetabo</strong></span> <span class='ocrx_word' id='word_1_24' title='bbox 375 1420 438 1492; x_wconf 90' lang='lat' dir='ltr'><strong>Die</strong></span> <span class='ocrx_word' id='word_1_25' title='bbox 461 1419 698 1516; x_wconf 84' lang='lat' dir='ltr'><strong>quintadecima</strong></span> <span class='ocrx_word' id='word_1_26' title='bbox 721 1421 840 1490; x_wconf 84' lang='lat' dir='ltr'><strong>memis</strong></span> <span class='ocrx_word' id='word_1_27' title='bbox 867 1417 977 1489; x_wconf 90' lang='lat' dir='ltr'><strong>martii</strong></span> <span class='ocrx_word' id='word_1_28' title='bbox 1000 1419 1179 1492; x_wconf 75' lang='lat' dir='ltr'><strong>indictione</strong></span> <span class='ocrx_word' id='word_1_29' title='bbox 1207 1431 1323 1515; x_wconf 87' lang='lat' dir='ltr'><strong>quarta</strong></span> <span class='ocrx_word' id='word_1_30' title='bbox 1358 1421 1496 1516; x_wconf 89' lang='lat' dir='ltr'><strong>neapoli.</strong></span> <span class='ocrx_word' id='word_1_31' title='bbox 1520 1423 1653 1494; x_wconf 78' lang='lat' dir='ltr'>Certum</span> 
     </span>
     <span class='ocr_line' id='line_1_6' title="bbox 229 1546 1656 1644; baseline 0.002 -25"><span class='ocrx_word' id='word_1_32' title='bbox 229 1557 278 1620; x_wconf 86' lang='lat' dir='ltr'><strong>est</strong></span> <span class='ocrx_word' id='word_1_33' title='bbox 305 1569 358 1618; x_wconf 88' lang='lat' dir='ltr'><strong>me</strong></span> <span class='ocrx_word' id='word_1_34' title='bbox 381 1547 555 1618; x_wconf 88' lang='lat' dir='ltr'><strong>iohannem</strong></span> <span class='ocrx_word' id='word_1_35' title='bbox 580 1547 738 1619; x_wconf 89' lang='lat' dir='ltr'><strong>humilem</strong></span> <span class='ocrx_word' id='word_1_36' title='bbox 770 1546 968 1618; x_wconf 89' lang='lat' dir='ltr'><strong>monachum</strong></span> <span class='ocrx_word' id='word_1_37' title='bbox 1003 1549 1222 1620; x_wconf 83' lang='lat' dir='ltr'><strong>amalfitanum</strong></span> <span class='ocrx_word' id='word_1_38' title='bbox 1258 1549 1362 1620; x_wconf 86' lang='lat' dir='ltr'><strong>filium</strong></span> <span class='ocrx_word' id='word_1_39' title='bbox 1397 1551 1531 1644; x_wconf 91' lang='lat' dir='ltr'><strong>quidem</strong></span> <span class='ocrx_word' id='word_1_40' title='bbox 1565 1552 1656 1622; x_wconf 90' lang='lat' dir='ltr'><strong>leoni</strong></span> 
     </span>
     <span class='ocr_line' id='line_1_7' title="bbox 230 1672 1655 1768; baseline 0.006 -26"><span class='ocrx_word' id='word_1_41' title='bbox 230 1672 416 1744; x_wconf 83' lang='lat' dir='ltr'><strong>amalfitani.</strong></span> <span class='ocrx_word' id='word_1_42' title='bbox 433 1695 491 1766; x_wconf 92' lang='lat' dir='ltr'><strong>per</strong></span> <span class='ocrx_word' id='word_1_43' title='bbox 507 1672 710 1745; x_wconf 89' lang='lat' dir='ltr'><strong>absolutione</strong></span> <span class='ocrx_word' id='word_1_44' title='bbox 723 1685 757 1746; x_wconf 91' lang='lat' dir='ltr'><strong>et</strong></span> <span class='ocrx_word' id='word_1_45' title='bbox 773 1673 1008 1768; x_wconf 86' lang='lat' dir='ltr'><strong>subscriptione</strong></span> <span class='ocrx_word' id='word_1_46' title='bbox 1020 1675 1144 1748; x_wconf 93' lang='lat' dir='ltr'><strong>domini</strong></span> <span class='ocrx_word' id='word_1_47' title='bbox 1156 1676 1222 1748; x_wconf 93' lang='lat' dir='ltr'><strong>mei</strong></span> <span class='ocrx_word' id='word_1_48' title='bbox 1234 1677 1358 1749; x_wconf 92' lang='lat' dir='ltr'><strong>domini</strong></span> <span class='ocrx_word' id='word_1_49' title='bbox 1374 1679 1534 1750; x_wconf 88' lang='lat' dir='ltr'><strong>benedicti</strong></span> <span class='ocrx_word' id='word_1_50' title='bbox 1550 1696 1655 1750; x_wconf 90' lang='lat' dir='ltr'><strong>vene·</strong></span> 
     </span>
     <span class='ocr_line' id='line_1_8' title="bbox 227 1799 1657 1900; baseline 0.006 -31"><span class='ocrx_word' id='word_1_51' title='bbox 227 1799 341 1870; x_wconf 90' lang='lat' dir='ltr'><strong>rabilis</strong></span> <span class='ocrx_word' id='word_1_52' title='bbox 364 1801 509 1894; x_wconf 84' lang='lat' dir='ltr'><strong>igumern</strong></span> <span class='ocrx_word' id='word_1_53' title='bbox 542 1801 728 1872; x_wconf 88' lang='lat' dir='ltr'><strong>monasterii</strong></span> <span class='ocrx_word' id='word_1_54' title='bbox 752 1811 938 1873; x_wconf 85' lang='lat' dir='ltr'><strong>sanctorum</strong></span> <span class='ocrx_word' id='word_1_55' title='bbox 968 1801 1118 1874; x_wconf 90' lang='lat' dir='ltr'><strong>theodori</strong></span> <span class='ocrx_word' id='word_1_56' title='bbox 1139 1811 1175 1874; x_wconf 87' lang='lat' dir='ltr'><strong>et</strong></span> <span class='ocrx_word' id='word_1_57' title='bbox 1198 1804 1369 1876; x_wconf 89' lang='lat' dir='ltr'><strong>sebastiani</strong></span> <span class='ocrx_word' id='word_1_58' title='bbox 1395 1806 1454 1900; x_wconf 92' lang='lat' dir='ltr'><strong>qui</strong></span> <span class='ocrx_word' id='word_1_59' title='bbox 1479 1805 1657 1900; x_wconf 88' lang='lat' dir='ltr'><strong>appellatur</strong></span> 
     </span>
     <span class='ocr_line' id='line_1_9' title="bbox 228 1926 1656 2025; baseline 0.008 -30"><span class='ocrx_word' id='word_1_60' title='bbox 228 1928 388 2021; x_wconf 89' lang='lat' dir='ltr'><strong>casapicta</strong></span> <span class='ocrx_word' id='word_1_61' title='bbox 412 1928 511 1999; x_wconf 92' lang='lat' dir='ltr'><strong>situm</strong></span> <span class='ocrx_word' id='word_1_62' title='bbox 539 1926 574 1998; x_wconf 96' lang='lat' dir='ltr'><strong>in</strong></span> <span class='ocrx_word' id='word_1_63' title='bbox 600 1927 756 2000; x_wconf 85' lang='lat' dir='ltr'><strong>viridario</strong></span> <span class='ocrx_word' id='word_1_64' title='bbox 779 1929 837 2000; x_wconf 95' lang='lat' dir='ltr'><strong>ubi</strong></span> <span class='ocrx_word' id='word_1_65' title='bbox 860 1951 923 2022; x_wconf 91' lang='lat' dir='ltr'><strong>ego</strong></span> <span class='ocrx_word' id='word_1_66' title='bbox 950 1928 1129 2000; x_wconf 91' lang='lat' dir='ltr'><strong>monachus</strong></span> <span class='ocrx_word' id='word_1_67' title='bbox 1158 1951 1226 2004; x_wconf 87' lang='lat' dir='ltr'><strong>csse</strong></span> <span class='ocrx_word' id='word_1_68' title='bbox 1253 1931 1377 2002; x_wconf 88' lang='lat' dir='ltr'><strong>videor.</strong></span> <span class='ocrx_word' id='word_1_69' title='bbox 1393 1933 1423 2002; x_wconf 86' lang='grc' dir='ltr'>Α</span> <span class='ocrx_word' id='word_1_70' title='bbox 1438 1933 1577 2025; x_wconf 78' lang='lat' dir='ltr'><strong>presenti</strong></span> <span class='ocrx_word' id='word_1_71' title='bbox 1602 1933 1656 2006; x_wconf 88' lang='lat' dir='ltr'><strong>dic</strong></span> 
     </span>
     <span class='ocr_line' id='line_1_10' title="bbox 227 2052 1655 2150; baseline 0.003 -28"><span class='ocrx_word' id='word_1_72' title='bbox 227 2053 446 2144; x_wconf 82' lang='lat' dir='ltr'><strong>promtissima</strong></span> <span class='ocrx_word' id='word_1_73' title='bbox 473 2053 641 2127; x_wconf 88' lang='lat' dir='ltr'><strong>voluntate</strong></span> <span class='ocrx_word' id='word_1_74' title='bbox 659 2077 719 2147; x_wconf 91' lang='lat' dir='ltr'><strong>pro</strong></span> <span class='ocrx_word' id='word_1_75' title='bbox 747 2053 978 2147; x_wconf 77' lang='lat' dir='ltr'><strong>redemptionis</strong></span> <span class='ocrx_word' id='word_1_76' title='bbox 994 2052 1102 2125; x_wconf 86' lang='lat' dir='ltr'><strong>anime</strong></span> <span class='ocrx_word' id='word_1_77' title='bbox 1117 2075 1189 2124; x_wconf 91' lang='lat' dir='ltr'><strong>mee</strong></span> <span class='ocrx_word' id='word_1_78' title='bbox 1206 2061 1238 2124; x_wconf 88' lang='lat' dir='ltr'><strong>et</strong></span> <span class='ocrx_word' id='word_1_79' title='bbox 1255 2054 1387 2147; x_wconf 91' lang='lat' dir='ltr'><strong>quidem</strong></span> <span class='ocrx_word' id='word_1_80' title='bbox 1404 2053 1506 2124; x_wconf 90' lang='lat' dir='ltr'><strong>marie</strong></span> <span class='ocrx_word' id='word_1_81' title='bbox 1522 2055 1655 2150; x_wconf 89' lang='lat' dir='ltr'><strong>coniugi</strong></span> 
     </span>
     <span class='ocr_line' id='line_1_11' title="bbox 228 2174 1656 2273; baseline 0.003 -25"><span class='ocrx_word' id='word_1_82' title='bbox 228 2201 301 2250; x_wconf 88' lang='lat' dir='ltr'><strong>mcc</strong></span> <span class='ocrx_word' id='word_1_83' title='bbox 318 2188 351 2250; x_wconf 89' lang='lat' dir='ltr'><strong>et</strong></span> <span class='ocrx_word' id='word_1_84' title='bbox 368 2178 500 2272; x_wconf 90' lang='lat' dir='ltr'><strong>quidem</strong></span> <span class='ocrx_word' id='word_1_85' title='bbox 517 2177 603 2248; x_wconf 90' lang='lat' dir='ltr'><strong>leoni</strong></span> <span class='ocrx_word' id='word_1_86' title='bbox 619 2177 748 2272; x_wconf 90' lang='lat' dir='ltr'><strong>parbuli</strong></span> <span class='ocrx_word' id='word_1_87' title='bbox 766 2177 823 2248; x_wconf 91' lang='lat' dir='ltr'><strong>filii</strong></span> <span class='ocrx_word' id='word_1_88' title='bbox 839 2177 918 2248; x_wconf 91' lang='lat' dir='ltr'><strong>mei.</strong></span> <span class='ocrx_word' id='word_1_89' title='bbox 932 2185 965 2248; x_wconf 94' lang='lat' dir='ltr'><strong>et</strong></span> <span class='ocrx_word' id='word_1_90' title='bbox 984 2197 1045 2270; x_wconf 91' lang='lat' dir='ltr'><strong>pro</strong></span> <span class='ocrx_word' id='word_1_91' title='bbox 1061 2174 1114 2246; x_wconf 92' lang='lat' dir='ltr'><strong>dei</strong></span> <span class='ocrx_word' id='word_1_92' title='bbox 1131 2197 1277 2247; x_wconf 81' lang='lat' dir='ltr'><strong>ammove</strong></span> <span class='ocrx_word' id='word_1_93' title='bbox 1288 2187 1325 2246; x_wconf 92' lang='lat' dir='ltr'><strong>ut</strong></span> <span class='ocrx_word' id='word_1_94' title='bbox 1341 2178 1427 2270; x_wconf 91' lang='lat' dir='ltr'><strong>apud</strong></span> <span class='ocrx_word' id='word_1_95' title='bbox 1443 2180 1656 2273; x_wconf 90' lang='lat' dir='ltr'><strong>omnipoten-</strong></span> 
     </span>
     <span class='ocr_line' id='line_1_12' title="bbox 224 2299 1654 2404; baseline 0.003 -33"><span class='ocrx_word' id='word_1_96' title='bbox 224 2311 294 2374; x_wconf 86' lang='lat' dir='ltr'><strong>tem</strong></span> <span class='ocrx_word' id='word_1_97' title='bbox 310 2301 482 2374; x_wconf 91' lang='lat' dir='ltr'><strong>dominum</strong></span> <span class='ocrx_word' id='word_1_98' title='bbox 498 2302 650 2374; x_wconf 91' lang='lat' dir='ltr'><strong>meritum</strong></span> <span class='ocrx_word' id='word_1_99' title='bbox 664 2301 787 2372; x_wconf 92' lang='lat' dir='ltr'><strong>bonum</strong></span> <span class='ocrx_word' id='word_1_100' title='bbox 812 2299 1015 2371; x_wconf 91' lang='lat' dir='ltr'><strong>inbeniamus</strong></span> <span class='ocrx_word' id='word_1_101' title='bbox 1031 2299 1132 2370; x_wconf 89' lang='lat' dir='ltr'><strong>offero</strong></span> <span class='ocrx_word' id='word_1_102' title='bbox 1156 2309 1190 2371; x_wconf 90' lang='lat' dir='ltr'><strong>et</strong></span> <span class='ocrx_word' id='word_1_103' title='bbox 1207 2301 1306 2372; x_wconf 91' lang='lat' dir='ltr'><strong>trado.</strong></span> <span class='ocrx_word' id='word_1_104' title='bbox 1323 2299 1357 2369; x_wconf 92' lang='lat' dir='ltr'><strong>in</strong></span> <span class='ocrx_word' id='word_1_105' title='bbox 1373 2301 1588 2374; x_wconf 85' lang='lat' dir='ltr'><strong>infirmarium</strong></span> <span class='ocrx_word' id='word_1_106' title='bbox 1605 2305 1654 2404; x_wconf 89' lang='lat'><strong>(1)</strong></span> 
     </span>
     <span class='ocr_line' id='line_1_13' title="bbox 225 2425 1655 2522; baseline 0.005 -25"><span class='ocrx_word' id='word_1_107' title='bbox 225 2428 330 2522; x_wconf 90' lang='lat' dir='ltr'><strong>ipsius</strong></span> <span class='ocrx_word' id='word_1_108' title='bbox 346 2428 423 2500; x_wconf 91' lang='lat' dir='ltr'><strong>dicti</strong></span> <span class='ocrx_word' id='word_1_109' title='bbox 441 2428 627 2500; x_wconf 88' lang='lat' dir='ltr'><strong>monasterii</strong></span> <span class='ocrx_word' id='word_1_110' title='bbox 650 2438 836 2500; x_wconf 87' lang='lat' dir='ltr'><strong>sanctorum</strong></span> <span class='ocrx_word' id='word_1_111' title='bbox 852 2425 1001 2498; x_wconf 88' lang='lat' dir='ltr'><strong>theodori</strong></span> <span class='ocrx_word' id='word_1_112' title='bbox 1025 2437 1058 2501; x_wconf 85' lang='lat' dir='ltr'><strong>et</strong></span> <span class='ocrx_word' id='word_1_113' title='bbox 1078 2427 1248 2498; x_wconf 89' lang='lat' dir='ltr'><strong>sebastiani</strong></span> <span class='ocrx_word' id='word_1_114' title='bbox 1266 2429 1466 2522; x_wconf 80' lang='lat' dir='ltr'><strong>presentibus</strong></span> <span class='ocrx_word' id='word_1_115' title='bbox 1490 2441 1521 2500; x_wconf 91' lang='lat' dir='ltr'><strong>et</strong></span> <span class='ocrx_word' id='word_1_116' title='bbox 1537 2433 1655 2506; x_wconf 88' lang='lat' dir='ltr'><strong>futuris</strong></span> 
     </span>
     <span class='ocr_line' id='line_1_14' title="bbox 225 2553 1737 2648; baseline 0.003 -23"><span class='ocrx_word' id='word_1_117' title='bbox 225 2556 262 2625; x_wconf 95' lang='lat' dir='ltr'><strong>in</strong></span> <span class='ocrx_word' id='word_1_118' title='bbox 287 2553 531 2648; x_wconf 90' lang='lat' dir='ltr'><strong>sempiternum.</strong></span> <span class='ocrx_word' id='word_1_119' title='bbox 557 2555 652 2624; x_wconf 84' lang='lat' dir='ltr'><strong>[Dest</strong></span> <span class='ocrx_word' id='word_1_120' title='bbox 674 2553 837 2646; x_wconf 86' lang='lat' dir='ltr'><strong>integrum</strong></span> <span class='ocrx_word' id='word_1_121' title='bbox 861 2575 1014 2646; x_wconf 90' lang='lat' dir='ltr'><strong>eampum</strong></span> <span class='ocrx_word' id='word_1_122' title='bbox 1037 2576 1149 2624; x_wconf 86' lang='lat' dir='ltr'><strong>meum</strong></span> <span class='ocrx_word' id='word_1_123' title='bbox 1172 2553 1231 2648; x_wconf 94' lang='lat' dir='ltr'><strong>qui</strong></span> <span class='ocrx_word' id='word_1_124' title='bbox 1255 2564 1392 2625; x_wconf 91' lang='lat' dir='ltr'><strong>vocatur</strong></span> <span class='ocrx_word' id='word_1_125' title='bbox 1414 2559 1565 2628; x_wconf 91' lang='lat' dir='ltr'><strong>fusanum</strong></span> <span class='ocrx_word' id='word_1_126' title='bbox 1588 2581 1653 2629; x_wconf 90' lang='lat' dir='ltr'><strong>una</strong></span> <span class='ocrx_word' id='word_1_127' title='bbox 1732 2609 1737 2616; x_wconf 81' lang='lat'><em>·</em></span> 
     </span>
     <span class='ocr_line' id='line_1_15' title="bbox 225 2677 1654 2774; baseline 0.004 -24"><span class='ocrx_word' id='word_1_128' title='bbox 225 2703 303 2752; x_wconf 90' lang='lat' dir='ltr'><strong>eum</strong></span> <span class='ocrx_word' id='word_1_129' title='bbox 322 2681 448 2774; x_wconf 84' lang='lat' dir='ltr'><strong>integra</strong></span> <span class='ocrx_word' id='word_1_130' title='bbox 472 2677 612 2773; x_wconf 91' lang='lat' dir='ltr'><strong>corrigia</strong></span> <span class='ocrx_word' id='word_1_131' title='bbox 636 2681 676 2752; x_wconf 89' lang='lat' dir='ltr'><strong>de</strong></span> <span class='ocrx_word' id='word_1_132' title='bbox 699 2688 785 2750; x_wconf 87' lang='lat' dir='ltr'><strong>terra</strong></span> <span class='ocrx_word' id='word_1_133' title='bbox 802 2703 874 2749; x_wconf 90' lang='lat' dir='ltr'><strong>mea</strong></span> <span class='ocrx_word' id='word_1_134' title='bbox 898 2703 964 2772; x_wconf 90' lang='lat' dir='ltr'><strong>que</strong></span> <span class='ocrx_word' id='word_1_135' title='bbox 981 2689 1115 2749; x_wconf 89' lang='lat' dir='ltr'><strong>vocatur</strong></span> <span class='ocrx_word' id='word_1_136' title='bbox 1131 2677 1330 2750; x_wconf 90' lang='lat' dir='ltr'><strong>fossatellum</strong></span> <span class='ocrx_word' id='word_1_137' title='bbox 1346 2680 1466 2753; x_wconf 85' lang='lat' dir='ltr'><strong>ibidem</strong></span> <span class='ocrx_word' id='word_1_138' title='bbox 1481 2684 1654 2756; x_wconf 90' lang='lat' dir='ltr'><strong>coniuncta</strong></span> 
     </span>
     <span class='ocr_line' id='line_1_16' title="bbox 223 2804 1654 2902; baseline 0.004 -24"><span class='ocrx_word' id='word_1_139' title='bbox 223 2808 331 2902; x_wconf 90' lang='lat' dir='ltr'><strong>posita</strong></span> <span class='ocrx_word' id='word_1_140' title='bbox 369 2829 449 2879; x_wconf 89' lang='lat' dir='ltr'><strong>vero</strong></span> <span class='ocrx_word' id='word_1_141' title='bbox 473 2807 508 2876; x_wconf 95' lang='lat' dir='ltr'><strong>in</strong></span> <span class='ocrx_word' id='word_1_142' title='bbox 532 2806 605 2878; x_wconf 91' lang='lat' dir='ltr'><strong>loco</strong></span> <span class='ocrx_word' id='word_1_143' title='bbox 634 2804 694 2902; x_wconf 94' lang='lat' dir='ltr'><strong>qui</strong></span> <span class='ocrx_word' id='word_1_144' title='bbox 721 2816 857 2878; x_wconf 91' lang='lat' dir='ltr'><strong>vocatur</strong></span> <span class='ocrx_word' id='word_1_145' title='bbox 891 2805 1071 2878; x_wconf 89' lang='lat' dir='ltr'><strong>caucilione</strong></span> <span class='ocrx_word' id='word_1_146' title='bbox 1095 2807 1137 2876; x_wconf 91' lang='lat' dir='ltr'><strong>ad</strong></span> <span class='ocrx_word' id='word_1_147' title='bbox 1160 2815 1305 2879; x_wconf 89' lang='lat' dir='ltr'><strong>sanctum</strong></span> <span class='ocrx_word' id='word_1_148' title='bbox 1335 2807 1526 2902; x_wconf 85' lang='lat' dir='ltr'><strong>stephanum</strong></span> <span class='ocrx_word' id='word_1_149' title='bbox 1549 2833 1654 2884; x_wconf 90' lang='lat' dir='ltr'><strong>massa</strong></span> 
     </span>
     <span class='ocr_line' id='line_1_17' title="bbox 223 2929 1654 3006; baseline 0.001 -3"><span class='ocrx_word' id='word_1_150' title='bbox 223 2932 451 3005; x_wconf 80' lang='lat' dir='ltr'><strong>atellanarum</strong></span> <span class='ocrx_word' id='word_1_151' title='bbox 474 2953 551 3004; x_wconf 90' lang='lat' dir='ltr'><strong>cnm</strong></span> <span class='ocrx_word' id='word_1_152' title='bbox 575 2929 748 3004; x_wconf 88' lang='lat' dir='ltr'><strong>arvoribus</strong></span> <span class='ocrx_word' id='word_1_153' title='bbox 770 2930 947 3004; x_wconf 81' lang='lat' dir='ltr'><strong>fructiferis</strong></span> <span class='ocrx_word' id='word_1_154' title='bbox 969 2931 1023 3003; x_wconf 89' lang='lat' dir='ltr'><strong>vel</strong></span> <span class='ocrx_word' id='word_1_155' title='bbox 1046 2929 1256 3002; x_wconf 80' lang='lat' dir='ltr'><strong>infructiferis</strong></span> <span class='ocrx_word' id='word_1_156' title='bbox 1279 2929 1377 3001; x_wconf 91' lang='lat' dir='ltr'><strong>simul</strong></span> <span class='ocrx_word' id='word_1_157' title='bbox 1400 2955 1476 3002; x_wconf 92' lang='lat' dir='ltr'><strong>cnm</strong></span> <span class='ocrx_word' id='word_1_158' title='bbox 1507 2933 1654 3006; x_wconf 73' lang='lat' dir='ltr'><strong>introitus</strong></span> 
     </span>
     <span class='ocr_line' id='line_1_18' title="bbox 225 3054 1654 3154; baseline -0.001 -24"><span class='ocrx_word' id='word_1_159' title='bbox 225 3081 340 3130; x_wconf 87' lang='lat' dir='ltr'><strong>earum</strong></span> <span class='ocrx_word' id='word_1_160' title='bbox 364 3057 583 3154; x_wconf 91' lang='lat' dir='ltr'><strong>omnibusque</strong></span> <span class='ocrx_word' id='word_1_161' title='bbox 607 3058 654 3132; x_wconf 91' lang='lat' dir='ltr'><strong>eis</strong></span> <span class='ocrx_word' id='word_1_162' title='bbox 678 3055 872 3153; x_wconf 75' lang='lat' dir='ltr'><strong>generaliter</strong></span> <span class='ocrx_word' id='word_1_163' title='bbox 894 3054 1140 3151; x_wconf 84' lang='lat' dir='ltr'><strong>pertinentibus.</strong></span> <span class='ocrx_word' id='word_1_164' title='bbox 1174 3055 1271 3128; x_wconf 91' lang='lat' dir='ltr'><strong>sicuti</strong></span> <span class='ocrx_word' id='word_1_165' title='bbox 1294 3065 1327 3129; x_wconf 88' lang='lat' dir='ltr'><strong>et</strong></span> <span class='ocrx_word' id='word_1_166' title='bbox 1346 3059 1548 3151; x_wconf 88' lang='lat' dir='ltr'><strong>quommodo</strong></span> <span class='ocrx_word' id='word_1_167' title='bbox 1571 3058 1654 3129; x_wconf 90' lang='lat' dir='ltr'><strong>mibi</strong></span> 
     </span>
     <span class='ocr_line' id='line_1_19' title="bbox 223 3179 1654 3278; baseline -0.001 -22"><span class='ocrx_word' id='word_1_168' title='bbox 223 3183 359 3258; x_wconf 87' lang='lat' dir='ltr'><strong>obvenit</strong></span> <span class='ocrx_word' id='word_1_169' title='bbox 382 3207 440 3278; x_wconf 91' lang='lat' dir='ltr'><strong>per</strong></span> <span class='ocrx_word' id='word_1_170' title='bbox 464 3182 645 3256; x_wconf 89' lang='lat' dir='ltr'><strong>chartulam</strong></span> <span class='ocrx_word' id='word_1_171' title='bbox 661 3179 911 3276; x_wconf 87' lang='lat' dir='ltr'><strong>comparationis</strong></span> <span class='ocrx_word' id='word_1_172' title='bbox 935 3207 954 3252; x_wconf 92' lang='lat' dir='ltr'><strong>a</strong></span> <span class='ocrx_word' id='word_1_173' title='bbox 978 3179 1145 3252; x_wconf 89' lang='lat' dir='ltr'><strong>nominato</strong></span> <span class='ocrx_word' id='word_1_174' title='bbox 1173 3181 1309 3253; x_wconf 93' lang='lat' dir='ltr'><strong>domino</strong></span> <span class='ocrx_word' id='word_1_175' title='bbox 1330 3181 1499 3254; x_wconf 87' lang='lat' dir='ltr'><strong>benedicto</strong></span> <span class='ocrx_word' id='word_1_176' title='bbox 1520 3206 1654 3255; x_wconf 89' lang='lat' dir='ltr'><strong>venera·</strong></span> 
     </span>
    </p>
   </div>
   <div class='ocr_carea' id='block_1_4' title="bbox 222 3306 1653 3664">
    <p class='ocr_par' dir='ltr' id='par_1_4' title="bbox 222 3306 1653 3664">
     <span class='ocr_line' id='line_1_20' title="bbox 223 3306 1653 3406; baseline 0 -24"><span class='ocrx_word' id='word_1_177' title='bbox 223 3311 283 3382; x_wconf 89' lang='lat' dir='ltr'><strong>bili</strong></span> <span class='ocrx_word' id='word_1_178' title='bbox 308 3313 463 3406; x_wconf 86' lang='lat' dir='ltr'><strong>igumeno</strong></span> <span class='ocrx_word' id='word_1_179' title='bbox 486 3319 519 3382; x_wconf 86' lang='lat' dir='ltr'><strong>et</strong></span> <span class='ocrx_word' id='word_1_180' title='bbox 542 3335 562 3381; x_wconf 92' lang='lat' dir='ltr'><strong>a</strong></span> <span class='ocrx_word' id='word_1_181' title='bbox 585 3318 701 3381; x_wconf 89' lang='lat' dir='ltr'><strong>cuncta</strong></span> <span class='ocrx_word' id='word_1_182' title='bbox 725 3309 796 3380; x_wconf 90' lang='lat' dir='ltr'><strong>eius</strong></span> <span class='ocrx_word' id='word_1_183' title='bbox 820 3309 1070 3404; x_wconf 77' lang='lat' dir='ltr'><strong>congregatione</strong></span> <span class='ocrx_word' id='word_1_184' title='bbox 1086 3306 1323 3379; x_wconf 90' lang='lat' dir='ltr'><strong>monachorum</strong></span> <span class='ocrx_word' id='word_1_185' title='bbox 1339 3308 1440 3404; x_wconf 92' lang='lat' dir='ltr'><strong>ipsius</strong></span> <span class='ocrx_word' id='word_1_186' title='bbox 1457 3311 1535 3382; x_wconf 89' lang='lat' dir='ltr'><strong>dieti</strong></span> <span class='ocrx_word' id='word_1_187' title='bbox 1552 3312 1653 3382; x_wconf 89' lang='lat' dir='ltr'><strong>sancti</strong></span> 
     </span>
     <span class='ocr_line' id='line_1_21' title="bbox 222 3435 1652 3534; baseline 0.001 -24"><span class='ocrx_word' id='word_1_188' title='bbox 222 3439 275 3510; x_wconf 90' lang='lat' dir='ltr'><strong>sui</strong></span> <span class='ocrx_word' id='word_1_189' title='bbox 291 3437 477 3510; x_wconf 89' lang='lat' dir='ltr'><strong>monasterii</strong></span> <span class='ocrx_word' id='word_1_190' title='bbox 494 3461 595 3534; x_wconf 91' lang='lat' dir='ltr'><strong>quam</strong></span> <span class='ocrx_word' id='word_1_191' title='bbox 611 3437 727 3531; x_wconf 91' lang='lat' dir='ltr'><strong>etipsa</strong></span> <span class='ocrx_word' id='word_1_192' title='bbox 743 3435 889 3507; x_wconf 86' lang='lat' dir='ltr'><strong>chartula</strong></span> <span class='ocrx_word' id='word_1_193' title='bbox 905 3435 1141 3531; x_wconf 80' lang='lat' dir='ltr'><strong>comparationi</strong></span> <span class='ocrx_word' id='word_1_194' title='bbox 1158 3459 1229 3508; x_wconf 91' lang='lat' dir='ltr'><strong>mec</strong></span> <span class='ocrx_word' id='word_1_195' title='bbox 1245 3439 1331 3530; x_wconf 90' lang='lat' dir='ltr'><strong>apud</strong></span> <span class='ocrx_word' id='word_1_196' title='bbox 1348 3437 1456 3531; x_wconf 90' lang='lat' dir='ltr'><strong>ipsum</strong></span> <span class='ocrx_word' id='word_1_197' title='bbox 1473 3439 1652 3511; x_wconf 88' lang='lat' dir='ltr'><strong>infirmario</strong></span> 
     </span>
     <span class='ocr_line' id='line_1_22' title="bbox 224 3561 1652 3664; baseline 0 -27"><span class='ocrx_word' id='word_1_198' title='bbox 224 3566 361 3638; x_wconf 86' lang='lat' dir='ltr'><strong>remisi:</strong></span> <span class='ocrx_word' id='word_1_199' title='bbox 383 3565 431 3664; x_wconf 73' lang='lat' dir='ltr'><strong>(a)</strong></span> <span class='ocrx_word' id='word_1_200' title='bbox 447 3567 627 3640; x_wconf 86' lang='lat' dir='ltr'><strong>Coherente</strong></span> <span class='ocrx_word' id='word_1_201' title='bbox 643 3564 704 3638; x_wconf 89' lang='lat' dir='ltr'><strong>sivi</strong></span> <span class='ocrx_word' id='word_1_202' title='bbox 721 3563 923 3636; x_wconf 87' lang='lat' dir='ltr'><strong>nominatum</strong></span> <span class='ocrx_word' id='word_1_203' title='bbox 939 3585 1090 3657; x_wconf 94' lang='lat' dir='ltr'><strong>eampum</strong></span> <span class='ocrx_word' id='word_1_204' title='bbox 1107 3561 1170 3633; x_wconf 92' lang='lat' dir='ltr'><strong>hab</strong></span> <span class='ocrx_word' id='word_1_205' title='bbox 1187 3585 1254 3634; x_wconf 94' lang='lat' dir='ltr'><strong>uno</strong></span> <span class='ocrx_word' id='word_1_206' title='bbox 1278 3563 1378 3635; x_wconf 89' lang='lat' dir='ltr'><strong>latere</strong></span> <span class='ocrx_word' id='word_1_207' title='bbox 1402 3574 1493 3658; x_wconf 93' lang='lat' dir='ltr'><strong>parte</strong></span> <span class='ocrx_word' id='word_1_208' title='bbox 1517 3565 1652 3638; x_wconf 84' lang='lat' dir='ltr'><strong>orientis</strong></span> 
     </span>
    </p>
   </div>
   <div class='ocr_carea' id='block_1_5' title="bbox 219 3848 1652 5052">
    <p class='ocr_par' dir='ltr' id='par_1_5' title="bbox 219 3848 1651 4158">
     <span class='ocr_line' id='line_1_23' title="bbox 305 3848 1651 3936; baseline -0.003 -24"><span class='ocrx_word' id='word_1_209' title='bbox 305 3853 349 3936; x_wconf 85' lang='grc' dir='ltr'><strong>(ι)</strong></span> <span class='ocrx_word' id='word_1_210' title='bbox 371 3855 434 3913; x_wconf 85' lang='lat' dir='ltr'><strong>Etsi</strong></span> <span class='ocrx_word' id='word_1_211' title='bbox 455 3853 673 3928; x_wconf 89' lang='lat' dir='ltr'><strong>nosocomium,</strong></span> <span class='ocrx_word' id='word_1_212' title='bbox 695 3850 771 3912; x_wconf 87' lang='lat' dir='ltr'><strong>idest</strong></span> <span class='ocrx_word' id='word_1_213' title='bbox 786 3851 988 3931; x_wconf 81' lang='lat' dir='ltr'><strong>infirmorum</strong></span> <span class='ocrx_word' id='word_1_214' title='bbox 1004 3848 1163 3924; x_wconf 80' lang='lat' dir='ltr'><strong>conclave,</strong></span> <span class='ocrx_word' id='word_1_215' title='bbox 1174 3848 1362 3926; x_wconf 71' lang='lat' dir='ltr'><strong>praesertim</strong></span> <span class='ocrx_word' id='word_1_216' title='bbox 1378 3849 1411 3907; x_wconf 81' lang='lat' dir='ltr'><strong>in</strong></span> <span class='ocrx_word' id='word_1_217' title='bbox 1428 3849 1651 3918; x_wconf 76' lang='lat' dir='ltr'><strong>neonasterr&#39;is,</strong></span> 
     </span>
     <span class='ocr_line' id='line_1_24' title="bbox 219 3955 1646 4044; baseline -0.008 -15"><span class='ocrx_word' id='word_1_218' title='bbox 219 3981 257 4029; x_wconf 86' lang='lat' dir='ltr'><strong>ut</strong></span> <span class='ocrx_word' id='word_1_219' title='bbox 278 3967 365 4026; x_wconf 74' lang='lat' dir='ltr'><strong>infert</strong></span> <span class='ocrx_word' id='word_1_220' title='bbox 386 3965 515 4044; x_wconf 84' lang='lat' dir='ltr'><strong>Cangius</strong></span> <span class='ocrx_word' id='word_1_221' title='bbox 527 4007 536 4038; x_wconf 87' lang='lat'>‚</span> <span class='ocrx_word' id='word_1_222' title='bbox 561 3962 750 4040; x_wconf 82' lang='lat' dir='ltr'><strong>Infirmart&#39;a</strong></span> <span class='ocrx_word' id='word_1_223' title='bbox 769 3963 934 4022; x_wconf 86' lang='lat' dir='ltr'><strong>vocitatum</strong></span> <span class='ocrx_word' id='word_1_224' title='bbox 955 3962 1013 4030; x_wconf 82' lang='lat' dir='ltr'><strong>sit,</strong></span> <span class='ocrx_word' id='word_1_225' title='bbox 1034 3973 1062 4019; x_wconf 89' lang='lat' dir='ltr'><strong>ct</strong></span> <span class='ocrx_word' id='word_1_226' title='bbox 1083 3960 1114 4019; x_wconf 93' lang='lat' dir='ltr'><strong>in</strong></span> <span class='ocrx_word' id='word_1_227' title='bbox 1135 3979 1260 4018; x_wconf 89' lang='lat' dir='ltr'><strong>numero</strong></span> <span class='ocrx_word' id='word_1_228' title='bbox 1281 3955 1397 4040; x_wconf 82' lang='lat' dir='ltr'><strong>plurali</strong></span> <span class='ocrx_word' id='word_1_229' title='bbox 1418 3957 1623 4036; x_wconf 77' lang='lat' dir='ltr'><strong>lufirmariae</strong></span> <span class='ocrx_word' id='word_1_230' title='bbox 1632 4002 1646 4030; x_wconf 86' lang='lat'><strong>,</strong></span> 
     </span>
     <span class='ocr_line' id='line_1_25' title="bbox 220 4070 1651 4158; baseline -0.006 -18"><span class='ocrx_word' id='word_1_231' title='bbox 220 4102 257 4140; x_wconf 87' lang='lat' dir='ltr'><strong>ex</strong></span> <span class='ocrx_word' id='word_1_232' title='bbox 273 4080 331 4138; x_wconf 88' lang='lat' dir='ltr'><strong>lrac</strong></span> <span class='ocrx_word' id='word_1_233' title='bbox 351 4092 451 4138; x_wconf 88' lang='lat' dir='ltr'><strong>nostra</strong></span> <span class='ocrx_word' id='word_1_234' title='bbox 472 4075 609 4136; x_wconf 86' lang='lat' dir='ltr'><strong>chartula</strong></span> <span class='ocrx_word' id='word_1_235' title='bbox 624 4095 780 4136; x_wconf 89' lang='lat' dir='ltr'><strong>monemur</strong></span> <span class='ocrx_word' id='word_1_236' title='bbox 793 4073 873 4158; x_wconf 91' lang='lat' dir='ltr'><strong>apud</strong></span> <span class='ocrx_word' id='word_1_237' title='bbox 886 4093 937 4136; x_wconf 89' lang='lat' dir='ltr'><strong>nos</strong></span> <span class='ocrx_word' id='word_1_238' title='bbox 951 4071 1070 4134; x_wconf 90' lang='lat' dir='ltr'><strong>dietum</strong></span> <span class='ocrx_word' id='word_1_239' title='bbox 1083 4092 1204 4152; x_wconf 87' lang='lat' dir='ltr'><strong>quoque</strong></span> <span class='ocrx_word' id='word_1_240' title='bbox 1215 4071 1305 4132; x_wconf 89' lang='lat' dir='ltr'><strong>fnisse</strong></span> <span class='ocrx_word' id='word_1_241' title='bbox 1323 4070 1555 4150; x_wconf 81' lang='lat' dir='ltr'><strong>Infirmnn&#39;um.</strong></span> <span class='ocrx_word' id='word_1_242' title='bbox 1648 4097 1651 4106; x_wconf 67' lang='lat'>¹</span> 
     </span>
    </p>

    <p class='ocr_par' dir='ltr' id='par_1_6' title="bbox 220 4178 1652 5052">
     <span class='ocr_line' id='line_1_26' title="bbox 302 4178 1650 4269; baseline -0.004 -21"><span class='ocrx_word' id='word_1_243' title='bbox 302 4187 348 4269; x_wconf 85' lang='lat'><strong>(2)</strong></span> <span class='ocrx_word' id='word_1_244' title='bbox 370 4186 555 4262; x_wconf 84' lang='lat' dir='ltr'><strong>Praedium,</strong></span> <span class='ocrx_word' id='word_1_245' title='bbox 577 4185 661 4268; x_wconf 91' lang='lat' dir='ltr'><strong>quod</strong></span> <span class='ocrx_word' id='word_1_246' title='bbox 682 4184 845 4246; x_wconf 83' lang='lat' dir='ltr'><strong>monachus</strong></span> <span class='ocrx_word' id='word_1_247' title='bbox 868 4186 988 4244; x_wconf 85' lang='lat' dir='ltr'><strong>loannes</strong></span> <span class='ocrx_word' id='word_1_248' title='bbox 1014 4179 1249 4262; x_wconf 77' lang='lat' dir='ltr'><strong>Amalplritanns</strong></span> <span class='ocrx_word' id='word_1_249' title='bbox 1278 4179 1346 4240; x_wconf 86' lang='lat' dir='ltr'><strong>lveic</strong></span> <span class='ocrx_word' id='word_1_250' title='bbox 1371 4179 1423 4239; x_wconf 86' lang='lat' dir='ltr'><strong>SS.</strong></span> <span class='ocrx_word' id='word_1_251' title='bbox 1443 4178 1594 4240; x_wconf 79' lang='lat' dir='ltr'><strong>Theodori</strong></span> <span class='ocrx_word' id='word_1_252' title='bbox 1618 4195 1650 4243; x_wconf 83' lang='lat' dir='ltr'><strong>et</strong></span> 
     </span>
     <span class='ocr_line' id='line_1_27' title="bbox 221 4287 1652 4373; baseline -0.007 -13"><span class='ocrx_word' id='word_1_253' title='bbox 221 4296 385 4360; x_wconf 81' lang='lat' dir='ltr'><strong>sebasnani</strong></span> <span class='ocrx_word' id='word_1_254' title='bbox 400 4295 582 4356; x_wconf 87' lang='lat' dir='ltr'><strong>monasterio</strong></span> <span class='ocrx_word' id='word_1_255' title='bbox 595 4293 706 4370; x_wconf 87' lang='lat' dir='ltr'><strong>donat,</strong></span> <span class='ocrx_word' id='word_1_256' title='bbox 723 4291 804 4354; x_wconf 86' lang='lat' dir='ltr'><strong>iilud</strong></span> <span class='ocrx_word' id='word_1_257' title='bbox 818 4292 964 4354; x_wconf 88' lang='lat' dir='ltr'><strong>nimirum</strong></span> <span class='ocrx_word' id='word_1_258' title='bbox 978 4305 1021 4354; x_wconf 84' lang='lat' dir='ltr'><strong>est</strong></span> <span class='ocrx_word' id='word_1_259' title='bbox 1033 4333 1042 4365; x_wconf 90' lang='lat'><strong>,</strong></span> <span class='ocrx_word' id='word_1_260' title='bbox 1056 4288 1140 4373; x_wconf 90' lang='lat' dir='ltr'><strong>quod</strong></span> <span class='ocrx_word' id='word_1_261' title='bbox 1152 4287 1291 4350; x_wconf 88' lang='lat' dir='ltr'><strong>eumdem</strong></span> <span class='ocrx_word' id='word_1_262' title='bbox 1307 4291 1450 4350; x_wconf 82' lang='lat' dir='ltr'><strong>loannem</strong></span> <span class='ocrx_word' id='word_1_263' title='bbox 1462 4289 1565 4372; x_wconf 80' lang='lat' dir='ltr'><strong>paucis</strong></span> <span class='ocrx_word' id='word_1_264' title='bbox 1579 4303 1652 4354; x_wconf 87' lang='lat' dir='ltr'><strong>ante</strong></span> 
     </span>
     <span class='ocr_line' id='line_1_28' title="bbox 222 4401 1650 4492; baseline -0.004 -23"><span class='ocrx_word' id='word_1_265' title='bbox 222 4411 326 4472; x_wconf 89' lang='lat' dir='ltr'><strong>diebus</strong></span> <span class='ocrx_word' id='word_1_266' title='bbox 347 4409 461 4492; x_wconf 89' lang='lat' dir='ltr'><strong>abipso</strong></span> <span class='ocrx_word' id='word_1_267' title='bbox 475 4411 615 4472; x_wconf 87' lang='lat' dir='ltr'><strong>coemisse</strong></span> <span class='ocrx_word' id='word_1_268' title='bbox 629 4407 765 4492; x_wconf 86' lang='lat' dir='ltr'><strong>superior</strong></span> <span class='ocrx_word' id='word_1_269' title='bbox 779 4404 954 4468; x_wconf 85' lang='lat' dir='ltr'><strong>membrana</strong></span> <span class='ocrx_word' id='word_1_270' title='bbox 965 4417 1095 4466; x_wconf 87' lang='lat' dir='ltr'><strong>testatur.</strong></span> <span class='ocrx_word' id='word_1_271' title='bbox 1110 4402 1137 4464; x_wconf 91' lang='lat' dir='ltr'>E</span> <span class='ocrx_word' id='word_1_272' title='bbox 1151 4403 1286 4487; x_wconf 89' lang='lat' dir='ltr'><strong>quinque</strong></span> <span class='ocrx_word' id='word_1_273' title='bbox 1301 4401 1417 4463; x_wconf 89' lang='lat' dir='ltr'><strong>dierum</strong></span> <span class='ocrx_word' id='word_1_274' title='bbox 1432 4403 1529 4484; x_wconf 87' lang='lat' dir='ltr'><strong>spatio</strong></span> <span class='ocrx_word' id='word_1_275' title='bbox 1541 4445 1551 4478; x_wconf 95' lang='lat'><strong>,</strong></span> <span class='ocrx_word' id='word_1_276' title='bbox 1566 4401 1650 4484; x_wconf 90' lang='lat' dir='ltr'><strong>quod</strong></span> 
     </span>
     <span class='ocr_line' id='line_1_29' title="bbox 222 4515 1649 4600; baseline -0.006 -18"><span class='ocrx_word' id='word_1_277' title='bbox 222 4525 297 4584; x_wconf 88' lang='lat' dir='ltr'><strong>inter</strong></span> <span class='ocrx_word' id='word_1_278' title='bbox 332 4521 511 4582; x_wconf 80' lang='lat' dir='ltr'><strong>venditionis</strong></span> <span class='ocrx_word' id='word_1_279' title='bbox 542 4519 771 4600; x_wconf 86' lang='lat' dir='ltr'><strong>donationisque</strong></span> <span class='ocrx_word' id='word_1_280' title='bbox 800 4519 997 4578; x_wconf 86' lang='lat' dir='ltr'><strong>instrumenta</strong></span> <span class='ocrx_word' id='word_1_281' title='bbox 1030 4516 1218 4590; x_wconf 83' lang='lat' dir='ltr'><strong>intercessit,</strong></span> <span class='ocrx_word' id='word_1_282' title='bbox 1250 4515 1404 4595; x_wconf 87' lang='lat' dir='ltr'><strong>arguimus</strong></span> <span class='ocrx_word' id='word_1_283' title='bbox 1428 4527 1600 4595; x_wconf 89' lang='lat' dir='ltr'><strong>coemptum</strong></span> <span class='ocrx_word' id='word_1_284' title='bbox 1630 4533 1649 4573; x_wconf 81' lang='lat' dir='ltr'><strong>a</strong></span> 
     </span>
     <span class='ocr_line' id='line_1_30' title="bbox 222 4627 1649 4718; baseline -0.005 -24"><span class='ocrx_word' id='word_1_285' title='bbox 222 4639 332 4696; x_wconf 87' lang='lat' dir='ltr'><strong>loanne</strong></span> <span class='ocrx_word' id='word_1_286' title='bbox 354 4635 511 4718; x_wconf 88' lang='lat' dir='ltr'><strong>praedium</strong></span> <span class='ocrx_word' id='word_1_287' title='bbox 535 4635 624 4696; x_wconf 86' lang='lat' dir='ltr'><strong>fuisse</strong></span> <span class='ocrx_word' id='word_1_288' title='bbox 644 4633 703 4693; x_wconf 76' lang='lat' dir='ltr'><strong>fiac</strong></span> <span class='ocrx_word' id='word_1_289' title='bbox 724 4631 850 4714; x_wconf 91' lang='lat' dir='ltr'><strong>quidem</strong></span> <span class='ocrx_word' id='word_1_290' title='bbox 872 4644 993 4708; x_wconf 88' lang='lat' dir='ltr'><strong>mente,</strong></span> <span class='ocrx_word' id='word_1_291' title='bbox 1015 4645 1047 4690; x_wconf 89' lang='lat' dir='ltr'><strong>ut</strong></span> <span class='ocrx_word' id='word_1_292' title='bbox 1067 4651 1123 4712; x_wconf 87' lang='lat' dir='ltr'><strong>pro</strong></span> <span class='ocrx_word' id='word_1_293' title='bbox 1143 4627 1295 4711; x_wconf 87' lang='lat' dir='ltr'><strong>pecunia,</strong></span> <span class='ocrx_word' id='word_1_294' title='bbox 1317 4648 1377 4709; x_wconf 89' lang='lat' dir='ltr'><strong>qua</strong></span> <span class='ocrx_word' id='word_1_295' title='bbox 1397 4627 1521 4688; x_wconf 86' lang='lat' dir='ltr'><strong>fortasse</strong></span> <span class='ocrx_word' id='word_1_296' title='bbox 1540 4647 1649 4688; x_wconf 89' lang='lat' dir='ltr'><strong>mona·</strong></span> 
     </span>
     <span class='ocr_line' id='line_1_31' title="bbox 221 4735 1650 4826; baseline -0.008 -17"><span class='ocrx_word' id='word_1_297' title='bbox 221 4749 343 4809; x_wconf 90' lang='lat' dir='ltr'><strong>sterium</strong></span> <span class='ocrx_word' id='word_1_298' title='bbox 364 4747 517 4826; x_wconf 84' lang='lat' dir='ltr'><strong>indigebat</strong></span> <span class='ocrx_word' id='word_1_299' title='bbox 532 4792 542 4825; x_wconf 93' lang='lat'><strong>,</strong></span> <span class='ocrx_word' id='word_1_300' title='bbox 557 4747 664 4826; x_wconf 73' lang='lat' dir='ltr'><strong>potius</strong></span> <span class='ocrx_word' id='word_1_301' title='bbox 684 4743 813 4806; x_wconf 89' lang='lat' dir='ltr'><strong>fundum</strong></span> <span class='ocrx_word' id='word_1_302' title='bbox 836 4741 971 4824; x_wconf 84' lang='lat' dir='ltr'><strong>aliquem</strong></span> <span class='ocrx_word' id='word_1_303' title='bbox 994 4740 1130 4802; x_wconf 90' lang='lat' dir='ltr'><strong>donaret.</strong></span> <span class='ocrx_word' id='word_1_304' title='bbox 1150 4739 1228 4802; x_wconf 82' lang='lat' dir='ltr'><strong>Nam</strong></span> <span class='ocrx_word' id='word_1_305' title='bbox 1249 4738 1377 4821; x_wconf 87' lang='lat' dir='ltr'><strong>pecunia</strong></span> <span class='ocrx_word' id='word_1_306' title='bbox 1391 4737 1529 4819; x_wconf 89' lang='lat' dir='ltr'><strong>protinus</strong></span> <span class='ocrx_word' id='word_1_307' title='bbox 1544 4735 1650 4800; x_wconf 81' lang='lat' dir='ltr'><strong>fuisset</strong></span> 
     </span>
     <span class='ocr_line' id='line_1_32' title="bbox 220 4848 1650 4938; baseline -0.005 -20"><span class='ocrx_word' id='word_1_308' title='bbox 220 4873 355 4938; x_wconf 85' lang='lat' dir='ltr'><strong>erogata,</strong></span> <span class='ocrx_word' id='word_1_309' title='bbox 379 4879 414 4918; x_wconf 92' lang='lat' dir='ltr'><strong>ae</strong></span> <span class='ocrx_word' id='word_1_310' title='bbox 428 4856 553 4919; x_wconf 89' lang='lat' dir='ltr'><strong>donatio</strong></span> <span class='ocrx_word' id='word_1_311' title='bbox 573 4879 625 4918; x_wconf 86' lang='lat' dir='ltr'><strong>sua</strong></span> <span class='ocrx_word' id='word_1_312' title='bbox 639 4855 733 4918; x_wconf 86' lang='lat' dir='ltr'><strong>simul</strong></span> <span class='ocrx_word' id='word_1_313' title='bbox 749 4857 925 4917; x_wconf 84' lang='lat' dir='ltr'><strong>evanuisset.</strong></span> <span class='ocrx_word' id='word_1_314' title='bbox 940 4853 1049 4914; x_wconf 84' lang='lat' dir='ltr'><strong>Contra</strong></span> <span class='ocrx_word' id='word_1_315' title='bbox 1064 4873 1133 4914; x_wconf 90' lang='lat' dir='ltr'><strong>curn</strong></span> <span class='ocrx_word' id='word_1_316' title='bbox 1148 4851 1206 4912; x_wconf 92' lang='lat' dir='ltr'><strong>hoc</strong></span> <span class='ocrx_word' id='word_1_317' title='bbox 1221 4849 1405 4911; x_wconf 85' lang='lat' dir='ltr'><strong>documento</strong></span> <span class='ocrx_word' id='word_1_318' title='bbox 1419 4861 1543 4909; x_wconf 88' lang='lat' dir='ltr'><strong>cautum</strong></span> <span class='ocrx_word' id='word_1_319' title='bbox 1558 4848 1650 4911; x_wconf 81' lang='lat' dir='ltr'><strong>fuerit</strong></span> 
     </span>
     <span class='ocr_line' id='line_1_33' title="bbox 220 4962 1649 5052; baseline -0.008 -19"><span class='ocrx_word' id='word_1_320' title='bbox 220 4991 251 5036; x_wconf 89' lang='grc' dir='ltr'><strong>ιιι</strong></span> <span class='ocrx_word' id='word_1_321' title='bbox 274 4977 295 5036; x_wconf 88' lang='lat' dir='ltr'><strong>si</strong></span> <span class='ocrx_word' id='word_1_322' title='bbox 318 4974 417 5035; x_wconf 82' lang='lat' dir='ltr'><strong>abbas</strong></span> <span class='ocrx_word' id='word_1_323' title='bbox 439 4987 490 5033; x_wconf 84' lang='lat' dir='ltr'><strong>aut</strong></span> <span class='ocrx_word' id='word_1_324' title='bbox 512 4973 728 5036; x_wconf 85' lang='lat' dir='ltr'><strong>monachorum</strong></span> <span class='ocrx_word' id='word_1_325' title='bbox 750 4969 946 5052; x_wconf 84' lang='lat' dir='ltr'><strong>Congregatio</strong></span> <span class='ocrx_word' id='word_1_326' title='bbox 966 4967 1125 5050; x_wconf 87' lang='lat' dir='ltr'><strong>praedium</strong></span> <span class='ocrx_word' id='word_1_327' title='bbox 1145 4963 1288 5026; x_wconf 81' lang='lat' dir='ltr'><strong>donatum</strong></span> <span class='ocrx_word' id='word_1_328' title='bbox 1308 4962 1518 5026; x_wconf 84' lang='lat' dir='ltr'><strong>subtraherent</strong></span> <span class='ocrx_word' id='word_1_329' title='bbox 1537 4963 1577 5022; x_wconf 87' lang='lat' dir='ltr'><strong>ab</strong></span> <span class='ocrx_word' id='word_1_330' title='bbox 1597 4963 1649 5023; x_wconf 89' lang='lat' dir='ltr'><strong>in·</strong></span> 
     </span>
    </p>
   </div>
   <div class='ocr_carea' id='block_1_6' title="bbox 0 0 2350 6512">
    <p class='ocr_par' dir='ltr' id='par_1_7' title="bbox 0 0 2350 6512">
     <span class='ocr_line' id='line_1_34' title="bbox 0 0 2350 6512; baseline 0 1"><span class='ocrx_word' id='word_1_331' title='bbox 0 0 2350 6512; x_wconf 95' lang='lat' dir='ltr'><strong> </strong></span> 
     </span>
    </p>
   </div>
  </div>
 </body>
</html>
