4658 6508
878 583 999 684 tet

220 741 397 812 indictione
413 741 461 838 (2)
475 744 745 813 memoratorium
761 747 882 815 factum
899 771 917 814 a
933 770 985 820 me
996 749 1171 820 Cristoforo
1188 757 1347 826 monacho
1363 762 1549 830 monasterii
1565 785 1644 831 san-

218 881 347 939 ctorum
371 871 478 963 sergii.
503 891 537 942 et
560 872 667 942 bachi.
704 874 762 966 qui
787 896 872 942 nunc
896 879 1084 970 congregati
1116 902 1184 950 esse
1216 881 1365 954 ridentur
1389 885 1422 954 in
1450 891 1644 960 monasterio

216 1009 401 1068 sanctorum
427 1000 586 1070 theodori.
613 1011 646 1072 et
669 1001 852 1072 sebastiani.
879 1002 977 1072 situm
1010 1004 1096 1074 intus
1120 1007 1283 1078 cibitatem
1316 1011 1495 1108 neapolim.
1522 1014 1556 1082 in
1580 1038 1643 1108 que

215 1146 301 1193 nunc
325 1125 387 1195 deo
424 1137 587 1197 annuente
619 1127 769 1197 dominus
805 1129 969 1199 machario
1008 1133 1200 1203 uenerabilis
1235 1135 1331 1205 abbas
1367 1147 1476 1231 preest
1510 1141 1549 1209 de
1581 1141 1644 1210 hoc

214 1252 305 1344 qnod
329 1249 415 1320 intus
440 1249 570 1320 cibitate
593 1250 786 1320 benebento.
816 1275 930 1323 coram
954 1255 1151 1348 subscriptos
1188 1257 1363 1330 nobiliores
1386 1259 1543 1334 homines.
1584 1288 1643 1356 pro

212 1399 289 1466 pars
314 1377 413 1469 ipsius
437 1377 576 1447 cenovii.
604 1378 762 1446 coniunxi
786 1401 839 1448 me
862 1403 948 1449 curn.
973 1383 1129 1452 aldemari
1154 1385 1219 1453 filio
1244 1386 1380 1456 dauferi.
1418 1399 1450 1456 et
1487 1413 1562 1460 cnm
1586 1403 1643 1460 to-

213 1513 333 1573 tonem.
363 1515 394 1573 et
418 1506 544 1574 sedule.
573 1515 606 1573 et
630 1507 763 1575 adelferi
790 1509 952 1598 germanis
976 1509 1034 1579 filii
1059 1513 1189 1580 totonis.
1217 1522 1250 1582 et
1281 1535 1357 1582 cum
1385 1537 1462 1585 urso
1495 1517 1562 1586 filio
1585 1531 1643 1586 to-

213 1627 311 1696 tonis.
338 1649 437 1721 quam
462 1637 495 1696 et
517 1649 592 1696 eum
617 1629 770 1720 garipoto
794 1629 862 1698 filio
886 1633 1111 1724 guandelperti
1140 1659 1182 1703 ex
1197 1636 1294 1706 rebus
1310 1635 1398 1706 illam
1428 1639 1556 1710 deloco
1579 1666 1643 1734 que

212 1761 351 1821 vocatur
375 1775 496 1822 acerre.
531 1753 621 1845 quod
646 1753 736 1844 ipsis.
772 1756 987 1826 vendiderunt
1012 1767 1122 1827 anteos
1146 1759 1214 1830 dies
1245 1761 1279 1830 in
1303 1764 1417 1832 eodem
1448 1773 1559 1833 nostro
1582 1789 1642 1834 ce-

209 1878 312 1945 novio
336 1900 394 1968 per
416 1875 574 1945 cartulam
599 1900 699 1970 quem
723 1878 852 1971 scripsit
875 1878 1102 1972 magelgardus
1134 1883 1281 1952 notarius
1304 1885 1457 1977 aquibus
1483 1897 1560 1978 aput
1584 1911 1641 1957 nos

210 2008 372 2076 firmatam
396 2007 580 2100 retinemus.
613 2015 646 2074 et
669 2005 776 2074 statim
805 2006 870 2074 iam
904 2006 1008 2076 dictus
1042 2007 1207 2078 aldemari.
1247 2033 1308 2101 pro
1339 2021 1430 2103 parte
1454 2035 1511 2082 sua
1536 2025 1568 2084 et
1601 2019 1640 2086 de

210 2132 271 2201 toti
295 2132 346 2201 sui
370 2132 544 2223 germanis.
571 2142 604 2203 et
632 2132 786 2224 predictis
819 2143 888 2200 totu
920 2135 1066 2204 sadutlus
1099 2144 1131 2204 ct
1169 2136 1313 2207 adelferi.
1353 2159 1414 2229 pro
1446 2149 1536 2230 parte
1569 2163 1637 2209 sua.

207 2271 241 2327 et
276 2259 341 2326 iam
365 2258 469 2328 dictus
493 2281 590 2328 ursus
613 2282 674 2351 pro
699 2281 756 2327 sua
780 2271 884 2351 parte.
919 2271 952 2330 et
975 2263 1078 2332 isdem
1111 2265 1259 2356 garipoto
1292 2286 1353 2356 pro
1387 2275 1478 2358 parte
1514 2289 1571 2336 sua
1609 2279 1640 2336 et

207 2384 250 2451 de
274 2383 341 2452 suis
365 2382 535 2475 germanis.
561 2383 763 2453 tradiderunt
788 2382 888 2452 michi
913 2385 953 2452 ad
977 2393 1112 2476 partem.
1137 2387 1281 2457 eiusdem
1297 2389 1400 2456 nostri
1424 2391 1551 2458 cenovii
1575 2389 1640 2458 ba-

206 2509 365 2578 bendum.
401 2509 565 2600 integrum
589 2507 726 2576 fundum
750 2507 844 2576 illum
869 2509 909 2576 de
934 2509 1048 2577 eodem
1072 2509 1145 2578 loco
1170 2534 1282 2581 acerre
1306 2513 1394 2604 quod
1418 2513 1522 2582 tenuit
1549 2537 1640 2605 qun-

207 2637 283 2704 dam
308 2635 465 2728 liupertus
489 2635 547 2728 qui
571 2635 633 2703 fuit
656 2656 771 2704 servus
795 2657 911 2704 eorum
935 2635 1111 2705 abitantem
1135 2638 1176 2707 de
1191 2639 1306 2708 eodem
1331 2639 1404 2708 loco
1428 2661 1547 2709 acerre.
1574 2663 1639 2708 uua

206 2785 284 2831 cum
308 2784 420 2832 omnes
445 2773 546 2833 terras
571 2762 673 2831 cultas
697 2761 750 2832 vel
774 2760 912 2830 incultas
936 2763 1005 2832 sive
1030 2763 1116 2832 intus
1153 2763 1292 2832 laneum.
1325 2774 1357 2834 et
1384 2789 1402 2832 a
1427 2765 1506 2834 foris
1531 2766 1638 2856 ipsum

206 2892 337 2962 laneum
361 2915 402 2961 ex
430 2891 501 2982 ipso
522 2891 623 2959 fundo
648 2892 857 2982 pertinentes.
883 2899 948 2958 tam
973 2890 1168 2982 longinquis.
1194 2901 1226 2960 et
1258 2892 1460 2984 propinquis.
1485 2890 1582 2962 silbis.
1607 2899 1639 2961 et

207 3015 318 3106 aspris.
343 3013 469 3107 pascuis
493 3011 665 3082 limitibus.
693 3011 863 3082 arboribus
887 3013 1071 3081 fructiferis.
1112 3023 1144 3082 et
1167 3013 1388 3082 infructiferis.
1425 3037 1500 3084 cum
1521 3014 1582 3082 viis
1607 3023 1638 3082 et

207 3143 332 3212 anditis.
358 3153 390 3211 et
414 3140 565 3209 omnibus
590 3141 758 3230 adipsum
782 3141 917 3209 fundum
942 3139 1188 3231 pertinentibus.
1216 3139 1318 3208 michi
1336 3142 1493 3210 dederunt
1517 3153 1547 3213 et
1567 3157 1634 3210 tra-

289 3572 334 3652 (a)
356 3571 594 3652 chronologicae
615 3572 742 3630 huiusce
765 3571 938 3630 documenti
966 3584 1051 3631 notae
1077 3569 1250 3649 plurimum
1282 3573 1394 3649 negotii
1419 3573 1562 3632 facessere
1586 3575 1634 3630 vi-

206 3684 325 3744 dentur.
348 3684 418 3743 Duo
438 3687 518 3744 enim
539 3683 727 3764 diplomata,
747 3703 825 3764 quae
846 3685 878 3742 in
901 3680 1095 3744 vulturnensi
1118 3697 1283 3743 occurrunt
1301 3683 1440 3742 chronico
1461 3683 1545 3764 apud
1565 3685 1633 3744 blu-

208 3797 377 3872 ratorium,
400 3797 513 3855 habent
534 3817 653 3856 anuum
674 3799 821 3876 quintum
842 3793 1023 3876 Landulpbi
1037 3809 1066 3856 et
1081 3795 1275 3875 btenulphi,
1292 3813 1424 3854 mensem
1437 3797 1633 3866 novembris,

207 3935 243 3972 ac
279 3913 396 3972 tertiam
425 3908 651 3984 indictionem
683 3923 868 3991 quapropter
889 3908 926 3967 ad
949 3929 1061 3967 annum
1083 3924 1144 3988 914
1173 3928 1206 3968 ea
1236 3909 1422 3968 Muratorius
1451 3908 1630 3968 amandavit.

207 4030 241 4088 Si
261 4023 467 4105 diplomatum
487 4023 597 4080 horum
619 4018 804 4080 sectabimur
826 4017 1079 4098 chronologiam,
1111 4035 1141 4079 et
1162 4019 1350 4100 imperatoris
1375 4019 1577 4092 Constantini,
1600 4042 1634 4082 ac

209 4138 382 4220 principum
409 4132 588 4213 Landulpbi
608 4147 637 4192 et
659 4121 828 4211 Atenulphi
849 4131 1077 4213 supputabimus
1097 4150 1216 4206 annos,
1244 4151 1319 4212 quos
1340 4150 1480 4210 praesens
1507 4133 1633 4192 exbibet
1752 4165 1756 4174 ·

208 4251 466 4321 instrumentum,
487 4245 546 4302 hoc
567 4242 604 4302 ad
628 4262 758 4302 mensem
780 4243 915 4302 octobris
937 4242 1012 4300 anni
1035 4243 1094 4321 915
1114 4254 1269 4323 spectaret.
1291 4241 1409 4301 Verum
1431 4243 1557 4301 indictio
1579 4264 1635 4302 no-

210 4381 247 4418 na
259 4403 267 4432 ,
291 4357 478 4441 quamident
500 4354 677 4436 praesefert,
699 4354 739 4415 ad
760 4375 872 4416 annum
896 4371 957 4434 920
971 4355 1105 4436 pertinet.
1120 4353 1327 4430 Quamobrem
1341 4368 1466 4414 octavus
1487 4357 1635 4417 Constan-

210 4472 266 4530 tini
287 4492 387 4530 annus
408 4470 533 4528 minime
555 4468 593 4527 ab
614 4467 738 4547 imperii
760 4467 927 4540 societate,
952 4465 1006 4527 sed
1030 4487 1044 4524 a
1067 4467 1112 4524 sni
1136 4467 1272 4546 parentis
1296 4467 1443 4540 interitu,
1471 4485 1575 4546 nempe
1597 4467 1634 4524 ab

210 4601 290 4640 anno
312 4599 370 4658 912
392 4580 448 4637 erit
470 4574 717 4636 dinumerandus.
740 4579 779 4635 At
798 4597 894 4634 annus
916 4576 1039 4655 quintus
1060 4573 1240 4654 Landulpbi
1259 4587 1288 4634 et
1307 4574 1475 4657 Atenulphi
1495 4576 1580 4635 haud
1603 4579 1634 4634 in

211 4715 323 4754 aunum
339 4711 398 4772 qno
419 4689 551 4767 recidit;
575 4711 611 4750 ac
631 4687 762 4770 prolude
779 4688 973 4749 statuendum
990 4689 1113 4748 videtur
1129 4691 1278 4748 notarium
1296 4688 1510 4748 dominationis
1532 4709 1635 4749 eorum

211 4822 302 4860 annos
323 4801 381 4858 alia
402 4799 529 4880 quidem
551 4797 590 4858 ab
610 4799 724 4879 epocha
747 4799 945 4872 recensuisse,
968 4797 1093 4856 fortasse
1116 4798 1155 4854 ob
1175 4795 1303 4876 aliquod
1319 4796 1475 4876 singulare
1498 4796 1613 4858 facinus
1624 4847 1632 4874 ,

211 4910 298 4991 quod
321 4931 433 4968 novam
454 4931 558 4970 eorum
581 4911 767 4990 principatus
789 4929 887 4969 aeram
911 4907 1069 4967 inchoarit.
