4658 6508
1328 571 1448 666 (3⁰)

682 729 845 800 dideruut.
885 737 917 798 et
954 751 1013 797 nec
1046 727 1107 796 sibi
1139 751 1200 797 nec
1238 737 1389 819 quartam
1421 727 1520 796 uxori
1543 736 1576 797 et
1600 727 1767 819 genitricis
1790 750 1859 798 sue.
1895 751 2001 820 neque
2023 751 2110 820 por-

676 856 799 924 tionem
824 855 864 924 ad
887 852 954 921 suis
977 853 1151 945 germanis.
1178 875 1238 924 nec
1261 853 1458 946 cuicumque
1483 851 1576 922 alteri
1600 852 1784 923 babendum
1807 851 1889 921 nibil
1914 875 2109 923 reservave-

676 989 764 1050 runt.
805 980 926 1074 absque
949 989 1071 1050 sortem
1094 979 1164 1048 ursi
1187 979 1247 1050 lilii
1286 979 1502 1073 geripotonis.
1541 1003 1618 1049 nam
1642 981 1722 1050 aliut
1749 980 1785 1048 in
1808 980 1972 1071 integrum
2005 980 2107 1050 micbi

678 1107 847 1178 dederuut.
874 1117 907 1176 et
930 1106 1132 1177 tradiderunt
1155 1106 1196 1176 ad
1220 1116 1346 1198 partem
1370 1107 1515 1176 eiusdem
1544 1106 1648 1175 nostri
1685 1105 1872 1176 monasterii
1908 1105 2105 1176 habendum,

677 1241 835 1325 quatenus
872 1232 990 1301 amodo
1026 1241 1058 1301 et
1082 1231 1231 1323 deinceps
1260 1253 1334 1323 pars
1365 1230 1467 1323 ipsius
1495 1232 1598 1300 nostri
1627 1231 1757 1302 cenovii
1794 1231 1942 1325 eiusque,
1965 1241 2108 1302 rectores

677 1358 744 1427 iam
767 1358 891 1428 dictum
916 1363 1080 1450 integrum
1102 1358 1240 1428 [undum
1264 1381 1340 1427 cum
1364 1359 1516 1428 omnibus
1538 1360 1604 1429 suis
1628 1359 1831 1451 pertinentiis
1847 1360 1969 1452 absque
1986 1373 2107 1431 sortem

678 1482 768 1552 illam
791 1482 935 1552 eiusdem
958 1481 1026 1550 ursi
1049 1480 1168 1552 babere
1192 1489 1224 1550 et
1247 1482 1411 1573 possidere
1424 1482 1581 1552 securiter
1603 1482 1720 1552 liceant
1734 1507 1793 1576 per
1808 1507 1924 1554 eorum
1938 1495 1971 1554 et
1994 1487 2034 1556 de
2059 1485 2107 1554 il-

678 1609 787 1678 lorum
810 1608 945 1678 heredes
968 1608 1198 1678 defensionem.
1213 1631 1271 1700 per
1287 1607 1376 1676 illam
1393 1607 1625 1699 obligationem
1647 1632 1715 1701 quo
1739 1609 1796 1678 illa
1811 1610 1934 1680 cartula
1956 1623 2005 1680 cst
2021 1633 2107 1681 con-

679 1737 835 1806 tinentem
849 1736 966 1828 quibus
989 1736 1067 1826 ipsis
1091 1735 1166 1806 inde
1190 1735 1368 1806 emiserunt
1391 1739 1432 1808 ad
1455 1747 1581 1828 partem
1612 1735 1757 1806 eiusdem
1780 1739 1882 1806 nostri
1905 1739 2044 1810 cenovii.
2070 1753 2107 1810 ut

679 1863 770 1932 omui
794 1875 938 1956 tempore
962 1862 1035 1932 illut
1057 1863 1151 1934 nobis
1186 1866 1348 1936 defensare
1382 1867 1518 1938 debeant
1549 1891 1607 1959 per
1639 1868 1742 1961 ipsam
1774 1870 2004 1962 obligationem
2038 1897 2105 1965 quo

677 1989 732 2058 illa
755 1989 878 2059 carurla
900 2000 948 2059 est
971 1990 1201 2060 continentem.
1234 1990 1298 2060 boc
1330 1992 1429 2062 brebe
1455 1994 1569 2085 scripsi
1602 2018 1665 2087 ego
1701 1997 1924 2089 magelgardus
1961 1999 2104 2068 notarius

679 2123 712 2180 et
735 2111 867 2182 interfui
889 2112 1068 2182 benevento
1099 2112 1247 2184 feliciter.
1278 2114 1309 2208 †
1336 2117 1405 2208 Ego
1441 2117 1500 2210 qui
1531 2141 1628 2211 supra
1662 2119 1816 2190 aldemari
1849 2146 1903 2193 me
1933 2125 2105 2220 subscripsi

680 2234 787 2329 †ego
811 2236 868 2329 qui
892 2258 989 2327 supra
1013 2247 1082 2305 toto
1106 2261 1159 2310 me
1183 2239 1366 2332 subscripsi.

775 2361 890 2455 †Eg0
913 2367 1089 2435 vernardus
1112 2389 1165 2436 me
1189 2367 1372 2460 subscripsi.
1394 2367 1507 2463 †Ego
1531 2373 1655 2443 dauleri
1680 2395 1732 2443 me
1769 2373 1954 2469 subscripsi.
1981 2377 2013 2472 †
2035 2382 2106 2473 Ego

679 2488 810 2557 ioannes
840 2510 893 2556 me
924 2489 1110 2580 subscripsi.

776 2609 808 2702 †
830 2613 901 2704 Ego
936 2615 1146 2708 sadelgrimus
1170 2643 1223 2688 me
1247 2619 1430 2714 subscripsi.

777 2735 901 2832 †Ego
925 2741 982 2836 qui
1005 2763 1100 2834 supra
1126 2744 1274 2838 garipoto
1298 2771 1351 2819 me
1367 2747 1552 2840 subscripsi.
