4616 6532
1320 611 1443 705 (¹0)

666 776 774 848 kaieta
789 776 954 867 Quoniam
969 775 1101 848 Certum
1125 781 1173 844 est
1195 795 1248 844 me
1273 771 1459 842 venedictus
1475 773 1527 841 vir
1543 773 1697 844 honestus
1714 770 1800 842 filius
1817 770 1951 865 quidam
1968 772 2096 843 domini

670 900 820 972 iohannis
844 923 927 974 rone
940 899 1097 972 memorie
1099 948 1243 968 .......
1253 921 1295 968 na
1319 893 1481 990 iugalibus
1504 895 1592 966 huna
1616 919 1691 968 cum
1708 902 1900 967 consensum
1918 897 1959 967 de
1982 917 2096 968 omnes

664 1281 760 1346 vertit
780 1282 927 1347 Consules
947 1283 1100 1345 caietanus
1121 1281 1246 1344 sortasse
1267 1267 1390 1364 operam
1411 1279 1549 1355 dedisse,
1573 1295 1607 1344 ut
1621 1279 1803 1341 Patrimonii
1825 1279 1858 1340 in
1872 1277 1993 1338 Caietae
2013 1277 2097 1338 vici-

665 1396 719 1457 nia
737 1415 880 1458 romanos
901 1395 942 1458 ad
963 1393 1129 1460 Pontifices
1149 1394 1313 1476 spectantis
1340 1406 1467 1454 rectores
1491 1391 1549 1472 ipsi
1571 1403 1845 1470 nuncuparentur,
1867 1407 1930 1468 quo
1963 1387 2098 1468 amplius

668 1507 860 1570 auctoritatis
882 1523 912 1570 et
933 1529 1026 1590 opum
1048 1507 1103 1567 sibi
1123 1519 1347 1590 compararent.
1369 1507 1453 1567 Hinc
1467 1525 1539 1563 vero
1559 1502 1642 1564 haud
1664 1503 1726 1565 erui
1747 1521 1833 1583 posse
1847 1500 2007 1563 existimat
2021 1513 2096 1562 tuuc

668 1617 838 1678 Pontifices
858 1619 977 1676 Caietae
997 1616 1165 1676 dominatos
1185 1617 1300 1689 fuisse,
1332 1629 1362 1671 et
1382 1616 1439 1672 sibi
1458 1613 1600 1694 plurimis
1621 1634 1662 1670 cx
1683 1613 1869 1690 argumentis
1898 1627 2036 1673 constare
2055 1615 2097 1670 ait

669 1729 771 1804 neque
791 1723 869 1803 ipsos
889 1719 1076 1797 Pontifices,
1094 1741 1194 1801 neque
1216 1721 1288 1780 alios
1310 1719 1471 1801 Principes
1489 1715 1587 1776 eidem
1602 1718 1672 1778 urbi
1686 1717 1892 1798 imperitante,
1911 1737 2096 1800 quamquam

670 1834 735 1890 eius
754 1831 847 1913 Yprti
866 1829 959 1890 modo
978 1830 1095 1905 huius,
1128 1829 1221 1890 modo
1242 1829 1329 1890 illius
1350 1830 1444 1890 exteri
1465 1829 1661 1909 Principatus
1686 1826 1802 1890 auxilio
1831 1827 2023 1902 niterentur,
2053 1829 2096 1886 uti

671 1943 823 2002 minorum
844 1942 1002 2005 civitatum
1022 1955 1149 2001 rectores
1169 1939 1307 2000 factitare
1328 1953 1505 2002 sueverunt.
1525 1939 1577 1998 Ob
1596 1936 1770 1999 huiusmodi
1801 1937 2004 2019 patrocinium
2024 1955 2097 2016 pro·

672 2053 752 2114 secto
773 2051 864 2112 fiebat
876 2091 887 2128 ,
909 2064 944 2112 ut
963 2049 1121 2132 quoddam
1143 2051 1335 2112 subiectionis
1349 2067 1419 2129 erga
1433 2048 1555 2112 eosdem
1569 2049 1727 2132 Principes
1741 2051 1894 2132 specimen
1907 2047 1999 2132 Ypati
2014 2069 2099 2131 prae·

669 2162 841 2238 referrent,
862 2183 917 2226 uec
936 2162 1047 2244 iniquo
1066 2163 1171 2224 animo
1191 2176 1365 2246 paterentur
1385 2161 1559 2224 eorumdem
1574 2160 1753 2247 Principum
1773 2163 1946 2223 nominibus
1965 2175 1996 2222 et
2010 2164 2099 2222 annis

669 2279 869 2338 iustrumenta
887 2273 1084 2357 praenotari,
1115 2293 1183 2337 cum
1203 2274 1261 2334 hoc
1293 2293 1431 2334 summae
1451 2271 1616 2353 potestati,
1647 2293 1708 2354 qua
1726 2272 1862 2334 Caietam
1882 2272 1942 2355 ipsi
1962 2273 2102 2334 modera-

671 2388 807 2463 bantur,
840 2387 924 2448 uihil
954 2386 1126 2469 quidquam
1146 2387 1286 2460 obesset,
1317 2398 1346 2446 et
1375 2383 1477 2468 palam
1497 2400 1647 2467 praeterea
1667 2384 1776 2447 faceret
1795 2398 1917 2466 gratum
1938 2387 2099 2462 animum,

671 2516 736 2578 quo
756 2511 1018 2581 propugnatorum
1038 2518 1159 2558 suorum
1178 2494 1338 2558 benefacta
1354 2493 1625 2578 prosequebantur.
1640 2495 1721 2556 Hinc
1735 2492 1817 2556 idem
1830 2492 2016 2556 Fridericius
2030 2515 2100 2556 oum

673 2609 805 2690 quodam
827 2610 860 2670 iu
891 2609 1075 2672 documento
1106 2611 1164 2671 sub
1184 2609 1327 2671 Docibile
1348 2612 1373 2671 l.
1397 2607 1522 2668 condito
1543 2607 1800 2669 animadvertisset
1820 2607 2011 2668 Graecorum
2030 2621 2102 2668 tau·

673 2721 828 2784 tummodo
843 2722 1068 2804 Imperatorum
1088 2720 1215 2782 nomina
1234 2721 1401 2800 designari,
1414 2717 1496 2800 quod
1509 2720 1655 2802 praesenti
1670 2731 1772 2780 nostra
1786 2720 1818 2778 iu
1832 2719 2007 2780 membrana
2029 2721 2103 2782 item

674 2833 843 2915 contingit,
865 2853 927 2893 non
941 2835 1093 2894 immerito
1107 2832 1296 2913 opinandum
1316 2832 1421 2906 edicit,
1436 2832 1571 2912 Ypatum
1592 2831 1684 2891 illum
1699 2833 1885 2892 Graecorum
1906 2831 2019 2892 auxilio
2038 2833 2103 2893 sre-

672 2958 739 3002 tum
760 2942 906 3005 adversus
925 2944 1090 3004 Saracenos
1117 2965 1151 3004 ac
1167 2942 1396 3024 athenulphum
1413 2943 1535 3021 Capuae
1557 2940 1721 3015 Comitem,
1743 2942 2105 3024 constantinopolitanum

671 3057 892 3138 Imperatorem
914 3057 1052 3138 obsequii
1073 3071 1104 3116 et
1123 3055 1372 3117 honorificentiae
1391 3049 1664 3134 significationibus
1684 3052 1819 3114 coluisse.
1837 3053 1943 3134 Neque
1962 3054 2044 3113 enim
2059 3075 2100 3114 ex

671 3187 730 3243 eo,
751 3159 834 3246 quod
854 3167 983 3226 alieuius
1002 3167 1093 3226 exteri
1114 3139 1269 3246 Principis
1290 3167 1479 3226 mentionem
1498 3179 1638 3227 veterum
1661 3168 1847 3226 notariorum
1868 3165 2027 3226 chartulae
2046 3165 2106 3226 ha·

674 3279 761 3337 bsam
775 3315 785 3348 ,
808 3275 970 3356 quisquam
988 3275 1052 3334 iure
1072 3290 1177 3356 arguet
1196 3275 1376 3357 Principem
1393 3274 1484 3335 illum
1498 3295 1601 3356 reapse
1612 3274 1801 3336 dominatum
1815 3273 1908 3336 luisse
1920 3297 1954 3337 ea
1969 3277 2000 3336 in
2015 3275 2101 3352 urbe,

674 3407 738 3467 qua
758 3385 918 3447 chartulae
938 3389 1019 3469 ipsae
1039 3389 1221 3470 conscriptae
1243 3387 1378 3449 suerunt.
1395 3387 1474 3448 Nam
1489 3388 1598 3449 Graeci
1613 3388 1808 3470 Imperatoria
1822 3390 2014 3451 Constantini
2028 3392 2107 3452 Por·

675 3497 867 3578 phyrogeniti
886 3517 999 3558 nomeu
1019 3511 1048 3558 et
1068 3499 1141 3556 anni
1162 3495 1328 3557 occurrunt
1348 3495 1475 3575 quidem
1488 3494 1519 3554 in
1535 3497 1715 3558 membranis
1735 3497 1790 3556 sub
1805 3495 1994 3580 Pandulpbo
2008 3500 2030 3558 1.
2045 3497 2106 3558 Ca-

677 3629 755 3688 puae
776 3609 916 3692 Principe
939 3625 968 3671 et
992 3611 1048 3670 sub
1072 3613 1250 3672 Guaimario
1271 3613 1294 3671 I.
1314 3609 1434 3672 Salerni
1461 3611 1606 3692 Principe
1630 3611 1783 3685 exaratis,
1808 3632 1938 3693 quarum
1959 3613 2022 3694 ipse
2037 3632 2104 3673 me·

677 3719 764 3782 miuit
782 3719 967 3783 Fridericius
988 3721 1046 3803 (p.
1068 3719 1178 3801 163),
1198 3733 1326 3801 uterque
1346 3735 1450 3780 tamen
1464 3719 1612 3800 Princeps
1633 3719 1725 3780 nullo
1745 3736 1833 3802 pacto
1847 3723 2035 3784 Graecorum
2054 3721 2109 3782 di-

676 3831 753 3890 tioni
772 3829 981 3908 subdebatur,
1013 3845 1043 3892 et
1062 3833 1085 3892 si
1107 3850 1230 3910 graecus
1251 3831 1416 3912 Imperator
1436 3829 1468 3888 in
1486 3827 1675 3890 documentis
1696 3844 1764 3892 turn
1791 3833 1938 3913 capuanis
1969 3847 2032 3894 tum
2057 3854 2106 3892 sa-

675 3943 833 4008 lernitanis
853 3946 941 4008 illius
963 3946 1031 4009 aevi
1051 3961 1231 4008 memoratus
1260 3945 1342 4019 luit,
1375 3944 1409 4004 id
1430 3942 1599 4025 proiectum
1620 3958 1663 4006 eat
1683 3966 1719 4006 ex
1739 3966 1775 4008 eo
1788 3989 1797 4020 ,
1828 3945 1911 4030 quod
1925 3948 2106 4011 Patriciatus

675 4057 792 4118 honore
805 4058 1017 4118 Constantinus
1036 4071 1203 4138 utrumque
1224 4056 1441 4117 condecorarat.

758 4169 829 4228 Huc
849 4187 938 4249 porro
958 4166 1098 4241 accedit,
1120 4167 1201 4249 quod
1224 4167 1389 4248 pleraeque
1410 4169 1518 4229 nostris
1538 4191 1555 4230 e
1575 4170 1768 4251 regionibus,
1791 4192 1870 4252 quae
1893 4185 1957 4254 post
1977 4171 2105 4252 Laugo-

678 4276 846 4340 bardorum
867 4278 1035 4344 adventutn
1054 4300 1158 4361 graeco
1179 4279 1354 4340 adhucdum
1376 4281 1503 4362 Imperio
1518 4297 1683 4364 paruerant
1698 4329 1708 4359 ,
1730 4285 1873 4367 deinceps
1892 4287 1931 4345 ab
1946 4307 1981 4346 eo
1994 4285 2106 4346 aenum

681 4391 876 4457 desciverunt
900 4415 936 4456 ac
960 4416 1022 4458 sese
1045 4398 1077 4457 in
1097 4395 1270 4457 libertatem
1290 4395 1512 4474 vindicarunt,
1540 4399 1625 4478 quod
1646 4397 1771 4479 quidem
1801 4401 1927 4480 contigit
1947 4415 2002 4461 aut
2021 4401 2106 4480 ipso-

679 4522 810 4569 rummet
829 4505 1017 4589 populorum
1039 4507 1073 4568 vi
1107 4519 1138 4568 et
1171 4505 1390 4580 seditionibus,
1421 4522 1474 4568 aut
1500 4530 1593 4590 opera
1624 4509 1882 4589 langobardorum
1903 4512 2105 4594 Prinprum,

677 4630 708 4678 et
726 4618 945 4698 Imperatorum
958 4617 1154 4695 Occidentis,
1176 4621 1231 4700 qui
1247 4639 1386 4699 graecam
1402 4617 1583 4681 labefactare
1602 4621 1748 4683 ditionem
1768 4642 1958 4704 summopere
1977 4623 2105 4684 studue-

675 4740 759 4789 runt.
778 4725 862 4790 Hinc
881 4726 1064 4810 Amalplriae
1074 4773 1084 4806 ,
1105 4729 1268 4803 Surrenti,
1287 4728 1454 4812 Neapolis,
1473 4743 1504 4788 et
1522 4730 1612 4812 ipsius
1631 4731 1753 4793 Caietae
1773 4746 1901 4794 rectores
1927 4732 2107 4795 labentibus

677 4837 764 4898 annis
795 4838 988 4902 solummodo
1024 4839 1057 4899 in
1090 4837 1220 4922 speciem
1251 4857 1313 4900 sese
1342 4839 1678 4921 constantinopolitanis
1708 4841 1939 4923 Imperatoribm
1970 4841 2105 4904 subditos

677 4945 795 5028 gessisse
816 4967 870 5008 nos
890 4968 1016 5028 mmor,
1039 4969 1109 5014 cum
1130 4968 1237 5032 reapse
1256 4950 1358 5010 omnia
1378 4969 1433 5010 auo
1454 4946 1704 5010 administrarent
1723 4949 1863 5012 arbitrio.
