4616 6532
555 1186 605 1230 an,
766 1154 802 1224 ln
827 1156 959 1224 nomine
982 1157 1104 1223 duniaci
1128 1156 1179 1223 atei
1202 1155 1372 1225 salvatoris
1394 1156 1496 1226 nostri
1520 1156 1613 1227 ihesu
1637 1155 1750 1227 christi
1770 1159 1949 1250 imperante
1965 1159 2099 1228 domino

537 1298 619 1354 920.
671 1297 784 1353 nostro
808 1282 1023 1353 Constantino
1043 1305 1163 1375 magno
1191 1285 1386 1377 imperatore
1410 1307 1495 1354 anno
1518 1285 1709 1357 duodecimo
1727 1285 1779 1356 die
1803 1285 1956 1355 vicesima
1980 1286 2100 1355 mensis

669 1412 789 1503 aprilis.
814 1410 988 1482 indictione
1012 1411 1125 1482 octaba
1149 1413 1311 1506 neapolim
1439 1413 1572 1506 dispersi
1602 1413 1798 1485 helemosina
1825 1413 1929 1504 magis
1957 1413 1991 1480 iu
2021 1437 2099 1504 pre-

669 1541 768 1608 sentis
784 1561 884 1632 quarn
908 1538 942 1608 in
967 1541 1080 1610 futuro
1103 1539 1137 1608 in
1161 1539 1318 1610 mandatis
1342 1539 1466 1610 domini
1482 1541 1660 1633 precipitur
1684 1539 1817 1632 largiri:
1843 1563 1908 1634 qua
1933 1541 1973 1610 de
2002 1562 2037 1608 re
2065 1551 2099 1608 et

668 1689 728 1734 nos
744 1687 837 1733 maru
862 1677 894 1736 et
918 1665 1068 1736 barbaria
1084 1689 1217 1737 monaca
1234 1678 1338 1738 mater
1354 1680 1386 1736 et
1409 1667 1473 1736 filia
1490 1668 1653 1759 peccatrix
1674 1666 1785 1736 relicta
1813 1675 1844 1734 et
1871 1665 1937 1735 filia
1964 1667 2098 1758 quidam

668 1791 845 1860 lobannis:
886 1815 946 1885 pro
970 1793 1180 1864 redemtionis
1203 1793 1305 1862 anime
1328 1801 1460 1861 nostre:
1488 1792 1692 1860 usufructum
1725 1791 1852 1861 dierum
1884 1791 1951 1858 rite
1986 1802 2098 1860 nostre

667 1929 770 1986 mater
806 1935 834 1988 et
872 1922 968 2009 filia:
1009 1923 1111 1990 offero
1147 1933 1179 1991 et
1214 1920 1403 1990 offeruimus
1439 1918 1473 1986 in
1504 1920 1624 1988 ecclesio
1652 1919 1784 2010 propria
1819 1929 1927 1986 nostra
1959 1942 1980 1985 o
2003 1919 2096 1988 beata

667 2045 798 2114 eufimia
822 2046 955 2114 martire
979 2046 1086 2115 ebriati
1111 2048 1170 2139 qui
1194 2047 1254 2116 sita
1279 2045 1383 2116 estin
1407 2046 1541 2137 regione
1565 2046 1648 2115 duos
1672 2054 1814 2112 amantes
1843 2045 1934 2113 iuxta
1959 2066 2092 2114 murum

666 2168 834 2260 publicum
852 2170 914 2263 (1):
941 2170 1023 2240 idest
1047 2169 1211 2262 integrum
1227 2170 1359 2240 hortum
1377 2179 1523 2238 nostrum
1539 2177 1715 2239 memorate
1731 2177 1834 2237 mater
1858 2179 1889 2238 et
1907 2169 1971 2239 lilia
1993 2195 2001 2237 ε
2028 2195 2095 2264 ρο-

666 2293 765 2362 situm
790 2304 863 2363 ante
887 2305 1066 2363 memorata
1090 2307 1198 2364 sancta
1221 2307 1330 2365 nostra
1354 2294 1512 2366 ecclesia:
1539 2317 1703 2363 unacum
1729 2293 1898 2363 arboribus
1921 2297 2094 2365 fructiferis

667 2431 698 2488 et
723 2419 931 2491 infructiferis
956 2429 989 2490 et
1013 2443 1088 2490 cum
1113 2421 1234 2513 piscina
1259 2431 1292 2492 et
1315 2421 1446 2491 introita
1469 2445 1527 2491 sua
1551 2431 1583 2490 et
1619 2421 1770 2490 omnibus
1802 2422 1865 2491 sivi
1899 2424 2093 2515 pertinenti-

666 2545 748 2612 bus:
776 2543 881 2636 quiet
898 2555 1007 2614 coeret
1031 2543 1092 2614 sivi
1109 2555 1308 2615 memoratus
1332 2544 1477 2636 integrus
1492 2542 1607 2614 hortus
1623 2545 1663 2614 de
1682 2566 1749 2612 uno
1764 2544 1863 2614 latere
1881 2556 1971 2637 parte
1989 2547 2094 2616 orien-

666 2675 708 2742 tis
732 2673 866 2742 hortum
890 2673 1024 2766 quidam
1049 2675 1174 2744 domini
1199 2674 1348 2744 anastasii
1372 2671 1508 2766 prefecti
1525 2674 1589 2768 (tp
1615 2684 1648 2744 et
1680 2675 1814 2743 bortum
1838 2675 1970 2769 quidem
1994 2680 2094 2746 maria

665 2821 820 2892 germane
844 2809 878 2868 et
902 2796 968 2866 thie
992 2805 1128 2867 nostre:
1169 2805 1201 2865 et
1240 2798 1281 2866 de
1305 2796 1369 2865 alio
1393 2795 1492 2868 latere
1515 2808 1607 2890 parte
1630 2797 1804 2868 occidentis
1828 2799 1881 2867 via
1908 2802 1966 2893 qui
1989 2803 2095 2893 pergit

668 2937 700 2992 at
723 2946 856 2996 rnurum
880 2923 1076 3016 publicum:
1105 2922 1190 2992 unde
1214 2923 1385 2992 introitum
1409 2923 1506 2993 babet
1540 2925 1575 2994 in
1609 2936 1789 2994 memorata
1820 2937 1928 2996 nostra
1961 2928 2094 2997 ecclesia

667 3062 698 3120 et
722 3053 757 3119 in
780 3061 963 3120 memorato
986 3049 1141 3118 hortum:
1169 3059 1202 3119 et
1225 3049 1396 3120 introitum
1421 3052 1461 3122 de
1485 3050 1621 3123 bortum
1645 3052 1778 3146 quidam
1803 3052 1927 3124 domini
1944 3051 2095 3122 iohannis

748 3493 793 3571 (1)
813 3491 981 3553 Ecclesiam
1003 3492 1059 3552 sub
1080 3490 1171 3552 titulo
1194 3493 1224 3552 S.
1246 3487 1437 3569 Euplremiae
1459 3486 1491 3543 in
1513 3501 1548 3540 ea
1570 3480 1783 3560 neapolitanae
1804 3477 1887 3536 urbis
1908 3477 1982 3547 via,
2014 3493 2094 3553 quae

666 3600 764 3680 vulgo
786 3603 905 3662 Zurolo
925 3613 1149 3682 nuncupatur,
1171 3597 1298 3657 extitisse
1319 3591 1447 3652 tradidit
1467 3589 1632 3670 Eugenius.
1661 3587 1730 3647 Alia
1750 3587 1867 3646 ideirco
1888 3585 1926 3644 ab
1946 3584 2004 3641 hac
2032 3603 2093 3642 esse

665 3711 791 3770 videtur
811 3707 937 3772 ecclesia
956 3709 1040 3784 illa,
1068 3728 1164 3789 quam
1185 3717 1287 3764 nostra
1308 3705 1411 3764 innuit
1431 3700 1607 3762 membrana
1629 3741 1638 3772 ,
1666 3717 1738 3756 cum
1759 3699 1793 3754 in
1813 3695 1938 3772 regione
1957 3693 2002 3753 ed
2018 3693 2096 3752 duos

666 3837 807 3884 amantes
825 3826 917 3884 iuxta
936 3841 1068 3882 murum
1093 3819 1262 3901 pteblt'cum
1291 3831 1392 3879 extare
1422 3814 1552 3874 dicatur.
1573 3808 1690 3870 Eadem
1716 3810 1790 3867 baec
1820 3806 1945 3866 ecelesia
1969 3807 2002 3865 in
2028 3805 2089 3864 alio

664 3945 735 4002 anni
755 3941 830 4002 1251
865 3938 1048 4001 documento
1069 3937 1153 3996 hisee
1175 3933 1276 3994 verbis
1298 3942 1505 3994 memoratur:
1537 3924 1686 3986 Ecclesia
1714 3925 1746 3982 S.
1766 3919 1909 3996 Eufima'e
1939 3938 2001 4000 que
2030 3919 2091 3978 sita

665 4075 729 4112 esse
748 4053 873 4114 odietur
891 4053 976 4109 intus
996 4049 1108 4107 andito
1124 4047 1292 4124 publicum
1314 4047 1374 4125 qui
1392 4042 1485 4102 vadit
1504 4039 1542 4098 de
1564 4039 1618 4097 illo
1638 4055 1731 4094 muro
1749 4032 1882 4113 publico
1901 4035 1999 4112 pasius
2018 4031 2095 4090 civi-

665 4170 740 4226 tatis
760 4164 900 4241 neepotr's
921 4171 951 4218 et
965 4161 1070 4239 pergit
1089 4158 1134 4216 ed
1152 4159 1207 4216 ὐἰα
1223 4157 1354 4234 publiea
1381 4174 1444 4233 que
1470 4153 1658 4212 nominatur
1674 4149 1826 4227 ficariola
1854 4149 1977 4225 regione
2002 4158 2093 4224 perte

668 4279 706 4338 de
725 4276 855 4335 domiuo
882 4275 969 4333 Ursi.
990 4272 1121 4332 Extabat
1142 4271 1235 4351 igitur
1249 4288 1345 4349 prope
1359 4280 1476 4347 portam
1488 4309 1497 4342 ‚
1521 4284 1601 4345 quae
1622 4263 1790 4326 vernaculo
1814 4281 1950 4322 sermone
1963 4273 2093 4320 uocatur

667 4394 767 4450 Porto
789 4393 983 4459 Donarem,
1005 4382 1151 4442 nimirum
1171 4399 1267 4460 prope
1288 4377 1503 4437 monasterium
1523 4378 1554 4438 S.
1575 4372 1659 4435 Petri
1679 4374 1719 4434 ad
1739 4374 1907 4434 Maiellam.

745 4503 790 4586 (a)
811 4504 876 4564 Ubi
897 4501 967 4581 quis
978 4495 1166 4571 Praefectus
1180 4492 1301 4553 dicatur
1322 4493 1354 4551 in
1370 4492 1499 4551 vetustis
1514 4489 1719 4564 documentis,
1742 4510 1798 4549 nec
1810 4485 1934 4548 aliunde
1948 4499 2091 4556 eruatur,

666 4622 788 4682 cuinam
808 4620 870 4700 ipse
891 4617 933 4676 rei
952 4611 1120 4696 praefectus
1140 4622 1214 4670 esset
1225 4651 1235 4682 ,
1264 4622 1337 4667 tuno
1358 4627 1394 4665 eo
1413 4603 1563 4668 vocabulo
1584 4603 1715 4664 militare
1736 4621 1846 4662 munus
1868 4600 2023 4674 denotari,
2056 4617 2092 4657 ac

664 4726 923 4811 subintelligenda
952 4724 1046 4786 verba
1075 4721 1211 4782 cohortis
1232 4719 1372 4778 militum
1393 4719 1525 4798 Congius
1551 4717 1746 4777 existimavit.
1774 4715 1851 4774 Cum
1880 4713 1972 4793 igitur
1997 4731 2093 4772 nece

666 4861 727 4906 tota
759 4847 817 4905 liae
845 4842 1020 4904 membrana
1050 4857 1107 4898 nec
1127 4831 1249 4894 aliunde
1269 4831 1358 4894 nobis
1393 4834 1584 4904 innotescat,
1617 4829 1772 4911 quodnam
1803 4827 1952 4909 peculiare
1983 4845 2093 4887 munus

665 4958 819 5018 Anastasio
841 4955 1019 5014 mandatum
1041 4965 1125 5020 esset,
1144 4967 1216 5008 eum
1238 4943 1387 5008 militibus
1407 4943 1495 5003 fuisse
1515 4941 1702 5023 praefectum
1722 4942 1911 5002 arbitramur.
