4692 6512
900 658 1041 755 (rea)

257 815 405 887 tbeodori
430 821 462 887 et
486 815 657 888 sebastiani
681 815 740 911 qui
765 815 944 910 appellatur
967 815 1136 910 Casapicta
1159 814 1258 888 situm
1285 816 1319 886 in
1346 814 1512 887 viridario.
1538 824 1571 888 et
1596 817 1679 911 qui·-
1741 855 1744 859 ·

260 942 334 1011 dem
360 941 458 1010 drosn
483 963 568 1011 uxor
592 939 662 1010 eius
686 940 725 1010 ad
748 939 855 1011 vicem
879 940 993 1012 tollere
1028 941 1135 1035 ipsum
1168 943 1208 1012 de
1244 939 1423 1014 turriccle:
1460 964 1546 1013 nunc
1571 953 1680 1014 autern

257 1090 316 1137 nos
341 1067 512 1137 nominatis
536 1066 759 1138 distributores
785 1065 832 1160 (3)
852 1089 917 1136 una
940 1089 1016 1138 cum
1033 1067 1199 1139 voluntate
1224 1068 1389 1139 nominate
1423 1069 1523 1138 drosu
1547 1069 1681 1162 coniugi

255 1217 312 1264 sue
340 1195 370 1264 Α
394 1195 533 1288 presenti
557 1195 608 1266 die
623 1193 812 1264 offeruimus
837 1203 869 1264 et
891 1193 1083 1264 tradidimus
1106 1192 1199 1263 vobis
1221 1193 1355 1265 domino
1378 1193 1549 1265 benedicto
1573 1217 1679 1266 vene-

253 1319 348 1388 rabili
374 1319 527 1412 igumeno
551 1317 708 1388 nominati
736 1318 926 1387 monasterii
955 1327 987 1386 et
1011 1339 1070 1410 per
1095 1339 1153 1387 vos
1176 1318 1212 1386 in
1236 1319 1351 1388 eodem
1379 1328 1491 1389 sancto
1516 1329 1549 1392 et
1572 1343 1679 1392 vene-

254 1446 349 1516 rabili
378 1456 486 1518 vestro
515 1447 719 1517 monasterio.
753 1447 845 1516 lDest
871 1444 1046 1544 'nominata
1078 1443 1202 1539 integra
1240 1447 1387 1539 portione
1420 1447 1578 1517 nominati
1609 1457 1681 1519 ste—

253 1573 351 1668 phani
382 1575 421 1643 de
445 1574 588 1666 predicta
612 1573 739 1666 integra
765 1587 849 1645 terra
874 1597 939 1668 que
955 1582 1092 1647 vocatur
1115 1574 1156 1643 ad
1179 1573 1234 1642 1111
1258 1573 1421 1644 balnearia
1446 1575 1507 1644 sita
1538 1576 1677 1646 veroin

253 1713 369 1797 quarto
393 1701 515 1772 maiore
541 1725 605 1774 una
628 1725 705 1772 cnm
720 1702 891 1774 introitum
915 1725 1012 1772 suum
1029 1701 1245 1796 omnibusque
1270 1702 1331 1773 sivi
1355 1701 1590 1795 pertinentibus
1614 1702 1676 1796 qui

253 1829 388 1900 indivisa
412 1829 531 1901 reiacet
555 1853 631 1900 cum
655 1830 797 1924 reliquas
821 1839 886 1902 tres
910 1829 1074 1924 portiones
1112 1830 1153 1901 de
1178 1829 1382 1900 consortibus
1405 1831 1494 1900 suis:
1521 1832 1571 1902 De
1608 1853 1675 1925 qua

252 1957 334 2028 nibil
357 1957 449 2029 nobis
482 1958 599 2031 exinde
631 1958 785 2030 remansit
817 1966 874 2028 aut
904 1957 1141 2028 reservavimus
1171 1980 1230 2028 nec
1258 1957 1293 2027 iu
1326 1957 1465 2028 alienam
1499 1981 1670 2052 personam

252 2086 488 2156 commissimus
511 2095 714 2179 potestatem.
745 2086 843 2158 etha
866 2108 953 2155 1110
977 2094 1009 2156 01
1032 2083 1180 2178 deinceps
1206 2111 1224 2156 a
1248 2083 1342 2156 nobis
1365 2085 1460 2158 vobis
1481 2096 1513 2158 et
1536 2110 1595 2180 per
1611 2110 1672 2158 vos

253 2212 287 2281 in
311 2212 425 2283 eodem
449 2222 559 2282 sancto
585 2221 616 2282 et
639 2211 817 2282 venerabili
840 2221 950 2283 vestro
973 2209 1169 2283 monasterio
1206 2212 1248 2282 sit
1272 2213 1386 2284 offerta
1416 2223 1450 2284 et
1473 2216 1588 2286 tradita
1613 2238 1675 2308 pro

253 2339 359 2409 anima
383 2339 540 2410 nominati
565 2339 711 2433 stephani
735 2339 829 2410 sicuti
853 2339 921 2432 ipse
945 2340 1039 2410 nobis
1062 2341 1221 2434 disposuit
1256 2340 1291 2410 in
1327 2351 1433 2414 vestra
1468 2343 1673 2437 posterisque

253 2466 366 2537 vestris
390 2466 454 2538 sint
477 2477 632 2559 potestate
656 2491 786 2561 queque
810 2468 927 2541 exinde
958 2472 1065 2540 iacere
1095 2467 1276 2538 volueritis.
1313 2479 1346 2540 et
1376 2491 1483 2562 neque
1519 2493 1538 2538 a
1576 2469 1671 2538 nobis

252 2574 418 2663 nominato
450 2591 578 2662 leonem
602 2607 634 2662 et
669 2593 825 2686 stephano
857 2591 1080 2665 distributores
1103 2615 1180 2662 cum
1203 2590 1368 2662 voluntate
1395 2591 1561 2664 nominate
1586 2597 1671 2666 dro-

253 2741 290 2788 su
315 2719 446 2812 coniugi
470 2741 527 2788 sue
550 2741 656 2811 neque
680 2743 697 2786 a
722 2717 840 2786 nostris
873 2716 925 2786 vel
959 2717 1025 2787 suis
1058 2715 1232 2788 heredibus
1268 2718 1359 2787 nullo
1393 2727 1539 2812 tempore
1564 2743 1672 2792 num-

252 2867 352 2938 quam
379 2866 439 2914 vos
466 2843 651 2912 nominatus
691 2846 840 2916 dominus
875 2845 1061 2916 benedictus
1099 2843 1292 2916 venerabilis
1321 2848 1496 2940 igumenus
1527 2859 1584 2920 aut
1607 2873 1674 2944 po-

252 2971 344 3042 steris
381 2969 494 3040 vestris
528 2993 588 3039 nec
624 2969 807 3039 nominatus
842 2978 970 3039 sanctus
1007 2980 1039 3040 et
1079 2970 1272 3041 venerabilis
1309 2969 1416 3043 bester
1456 2973 1671 3044 monasterius

253 3098 342 3192 quod
364 3097 446 3167 absit
470 3097 612 3167 babeatis
636 3097 754 3168 exinde
778 3096 953 3190 aliquando
977 3113 1185 3192 quaerunque
1208 3097 1460 3192 requesitionem
1484 3111 1541 3172 111
1564 3100 1677 3173 mole-

251 3227 311 3296 stia
346 3248 404 3319 per
438 3225 564 3294 nullum
587 3226 721 3294 modum
745 3248 804 3296 nec
836 3247 894 3318 per
917 3225 1095 3295 summissis
1123 3225 1269 3320 personis
1302 3226 1345 3298 ba
1381 3250 1468 3297 nunc
1492 3238 1525 3300 et
1548 3228 1677 3324 imper-

252 3350 357 3444 petuis
380 3349 592 3444 temporibus:
621 3351 655 3420 Si
679 3362 786 3421 autern
811 3373 870 3420 nos
895 3361 951 3420 aut
968 3349 1102 3422 heredes
1126 3351 1244 3422 nostris
1279 3352 1332 3425 vel
1359 3351 1495 3425 heredes
1518 3355 1677 3428 nominati

250 3477 396 3571 stephani
420 3479 537 3572 quovis
560 3490 705 3572 tempore
729 3493 841 3549 contra
875 3479 958 3548 banc
987 3478 1133 3548 chartula
1169 3480 1347 3550 offertionis
1382 3491 1419 3550 ut
1453 3504 1550 3575 super
1585 3483 1676 3575 legi-

251 3614 304 3674 tur
343 3607 455 3678 venire
492 3609 758 3702 presumserimus
791 3633 849 3702 per
889 3607 1008 3702 quovis
1042 3610 1176 3680 modum
1211 3617 1267 3677 aut
1300 3609 1479 3679 summissis
1513 3613 1671 3702 personis.

252 3744 328 3802 1110
351 3731 577 3824 componimus
602 3732 693 3803 vobis
719 3731 920 3824 posterisque
950 3730 1063 3801 vestris
1098 3729 1332 3824 nominatoque
1365 3741 1476 3800 sancto
1508 3740 1540 3802 et
1570 3755 1676 3803 vene-

251 3860 346 3930 rabili
371 3869 478 3930 vestro
500 3858 698 3930 monasterio
722 3857 794 3929 auri
830 3857 951 3928 solidos
982 3856 1154 3930 duodecim
1184 3857 1375 3952 bytianteos.
1415 3867 1447 3928 et
1482 3857 1543 3927 bec
1576 3857 1677 3927 cbar-

251 4337 337 4400 detur
351 4338 488 4402 eamdem
503 4340 705 4418 inunitatem,
727 4363 788 4424 qua
808 4341 1015 4402 Romanorum
1034 4358 1108 4403 aevo
1127 4339 1334 4419 gloriabatur,
1355 4359 1427 4398 cum
1446 4357 1500 4419 per
1519 4355 1586 4396 eam
1602 4357 1674 4418 pro-

250 4453 382 4514 videntia
403 4454 508 4536 optimi
529 4454 678 4536 Principis
697 4453 886 4516 Ferdinandi
908 4456 945 4514 ll.
965 4465 1056 4514 strata
1077 4450 1169 4512 luerit
1188 4451 1240 4510 via
1260 4451 1436 4511 commeatui
1461 4469 1555 4530 qnam
1578 4451 1677 4508 maxi-

250 4588 298 4627 me
326 4567 455 4644 idonea,
487 4567 566 4628 dicta
587 4586 748 4647 campana
760 4613 770 4644 ,
792 4585 870 4647 quae
891 4577 1042 4627 vetustam
1065 4566 1150 4632 viam
1169 4583 1350 4646 campanam
1370 4576 1540 4645 temporum
1559 4559 1673 4622 iniuria

249 4697 366 4758 prorsus
398 4675 526 4737 deletam
547 4675 725 4738 aemulatur.

329 4785 376 4867 (3)
399 4785 624 4848 Distributorea
643 4784 793 4868 appellati
808 4785 932 4846 suerunt
953 4787 997 4858 ii,
1018 4785 1131 4866 quibus
1145 4783 1258 4865 aliquis
1273 4782 1451 4856 mandabat,
1475 4797 1511 4844 11
1529 4796 1597 4865 post
1610 4785 1673 4846 eius

249 4895 365 4956 obitum
385 4909 619 4976 exsequerentur
639 4894 787 4977 quicquid
808 4896 872 4976 ipse
893 4909 1061 4976 postremae
1076 4914 1147 4954 suae
1162 4892 1330 4954 voluntatis
1349 4889 1591 4974 significatione,
1613 4896 1676 4956 sive

249 5020 428 5068 testamento
448 5002 635 5067 decrevisset
656 5003 787 5066 Consule
807 5006 847 5068 sis
866 5018 997 5066 nostram
1017 5003 1237 5066 adnotationem
1257 5001 1303 5086 (q)
1324 5005 1355 5064 in
1377 5003 1489 5088 pagiua
1510 5003 1581 5074 61„
