4658 6508
868 615 1010 740 (ποι)

887 933 1005 1002 XXIX.

324 1199 364 1266 In
387 1197 511 1266 omnine
533 1193 659 1268 domini
682 1197 736 1268 dei
758 1197 927 1268 salvatoris
949 1195 1053 1265 nostri
1075 1191 1168 1264 ihesu
1185 1191 1297 1263 christi
1316 1193 1495 1282 imperante
1519 1189 1653 1260 domino
1721 1219 1774 1262 arr.

228 1335 339 1393 nostro
363 1323 572 1395 Constantino
604 1346 724 1417 magno
746 1323 941 1417 imperatore
972 1347 1057 1395 anno
1090 1322 1254 1394 tricesimo
1289 1329 1337 1390 set
1361 1335 1389 1390 ct
1421 1342 1551 1390 rmuooo
1575 1341 1653 1390 ma·-
1704 1319 1785 1382 937.

227 1469 294 1539 gno
318 1451 512 1543 imperatore
534 1470 619 1517 anno
642 1449 907 1539 septimodecimo
927 1450 980 1523 die
1002 1449 1107 1544 prima
1138 1445 1257 1518 mensis
1273 1445 1454 1517 nobembrii
1477 1446 1652 1518 indictione

226 1573 394 1644 undecima
433 1577 576 1668 neapolis
598 1577 698 1645 Horta
723 1587 771 1645 est
805 1575 915 1669 itaque
949 1575 1086 1646 intentio
1121 1576 1205 1646 inter
1235 1593 1294 1642 nos
1318 1573 1460 1666 sergium
1495 1572 1652 1643 humilem

225 1696 373 1768 abbatem
397 1700 613 1794 presbiterum
635 1699 822 1773 monasterii
845 1701 948 1774 insule
971 1701 1139 1774 salvatoris
1162 1699 1285 1773 domini
1308 1699 1412 1769 nostri
1443 1699 1536 1770 ihesu
1559 1698 1654 1768 chri-

225 1824 266 1892 sti
291 1821 339 1918 (1)
372 1839 400 1895 et
424 1850 475 1896 vos
499 1825 651 1898 videlicet
673 1825 807 1897 domino
841 1826 1011 1898 benedicto
1042 1827 1231 1922 religiosum
1254 1827 1444 1920 igumenum
1468 1823 1654 1895 monasterii

225 1962 410 2024 sanctorum
424 1955 524 2050 sergii
546 1965 579 2028 et
602 1955 697 2025 bachi
721 1953 811 2048 quod
826 1975 913 2024 nunc
936 1961 1150 2046 congregatus
1166 1975 1200 2026 es
1223 1954 1310 2024 intus
1326 1953 1558 2024 monasterium
1581 1974 1653 2022 san·

225 2089 353 2150 ctorum
378 2080 527 2152 theodori
544 2089 578 2151 et
593 2079 763 2152 sebastiani
779 2079 868 2172 quod
882 2078 1065 2170 appellatur
1080 2079 1238 2172 casapicta
1260 2079 1361 2149 situm
1377 2076 1413 2146 in
1428 2075 1649 2147 viridiarium:

224 2217 357 2298 propter
392 2205 604 2278 hereditatem
637 2227 695 2278 seu
731 2205 908 2277 substantia
943 2204 1077 2300 quidem
1109 2203 1235 2274 domini
1261 2203 1411 2272 iohannis
1437 2202 1651 2274 lociservato-

224 2337 254 2402 ri
286 2333 334 2428 (t)
368 2333 455 2406 filius
480 2335 614 2430 quidem
640 2333 765 2405 domini
788 2335 876 2405 leoni
899 2331 1132 2426 eomobsequii.
1156 2332 1207 2402 De
1231 2337 1392 2426 qnantum
1422 2339 1454 2401 et
1484 2328 1650 2422 quomodo

306 2740 352 2821 (1)
373 2739 401 2799 Ε
423 2740 521 2800 tribus
543 2737 757 2811 monasteriis,
779 2757 858 2818 quae
880 2739 914 2798 in
934 2739 1050 2798 Insula
1070 2737 1244 2798 Salvatoris
1263 2736 1342 2798 olim
1363 2737 1488 2800 condita
1509 2737 1651 2814 suerunt,

224 2872 321 2912 unum
342 2849 434 2910 simul
449 2871 518 2912 eum
534 2869 587 2910 sua
598 2848 724 2911 ecclesia
744 2849 878 2911 dicatum
898 2851 992 2911 fuisse
1011 2851 1043 2912 S.
1057 2850 1204 2914 Michaeli
1219 2851 1410 2932 Archangelo
1424 2849 1572 2914 Claritius
1584 2853 1652 2931 qui-

225 2962 297 3022 dem
317 2965 378 3024 iam
399 2961 501 3022 docuit
514 2959 613 3040 (pag.
634 2975 690 3040 ¹9⁰
703 2959 724 3038 ).
739 2960 817 3020 Cum
831 2974 935 3020 tamen
951 2960 1169 3020 documentum
1181 3006 1191 3036 ,
1213 2981 1250 3019 ex
1264 2982 1324 3040 quo
1336 2961 1509 3022 monasterii
1521 2960 1649 3020 huiusce

223 3075 405 3136 mentionem
425 3074 547 3145 hausit,
577 3072 786 3151 conscriptum
807 3070 897 3132 fuisse
926 3070 1056 3131 edixerit
1081 3070 1136 3130 sub
1163 3071 1361 3133 Constantino
1386 3072 1439 3134 vel
1462 3075 1568 3145 Duce,
1599 3069 1653 3132 vel

224 3185 449 3259 Monomacho,
472 3185 525 3264 qui
546 3182 669 3245 soeculo
688 3183 742 3242 XI.
763 3203 904 3264 graecum
925 3183 1087 3265 Imperium
1107 3183 1329 3259 obtinuerunt,
1357 3183 1430 3244 hinc
1451 3197 1537 3264 patet
1560 3183 1651 3264 longe

223 3297 428 3378 antiquiorem
448 3293 621 3354 habendam
640 3314 700 3354 esse
720 3295 810 3375 ipsius
830 3293 1008 3356 monasterii
1027 3293 1232 3370 mentionem,
1258 3311 1336 3372 quae
1357 3315 1374 3354 e
1395 3307 1497 3356 nostra
1517 3295 1574 3353 hac
1595 3313 1650 3352 an-

224 3411 257 3469 ni
279 3413 337 3489 937
360 3408 536 3468 membrana
558 3407 683 3468 eruitur.

303 3518 451 3579 Insulam
471 3536 561 3598 porro
582 3515 754 3576 Salvaton's
775 3537 843 3577 earn
864 3515 956 3578 fuisse
970 3536 1049 3599 quae
1069 3531 1100 3578 et
1113 3515 1241 3597 Megaris
1262 3516 1361 3592 olim,
1383 3537 1467 3580 nunc
1491 3537 1567 3581 vero
1587 3521 1649 3580 Ca-

222 3627 309 3689 stello
329 3626 400 3687 dett·
411 3645 490 3685 uoco
511 3623 686 3707 appellatur
696 3669 705 3701 ,
726 3623 809 3685 idem
823 3624 965 3686 Claritius
986 3624 997 3706 (
1005 3647 1080 3705 pag.
1096 3626 1154 3688 180
1166 3638 1195 3686 et
1207 3625 1320 3708 seqq.)
1339 3627 1506 3708 patefacere
1524 3643 1649 3690 conatus

225 3750 267 3796 est
288 3735 434 3796 adversus
455 3733 672 3806 Mezoohium,
694 3734 749 3813 qui
769 3732 908 3796 eamdem
927 3754 982 3815 pro
1003 3733 1108 3796 Niside
1128 3735 1245 3796 habuit.
1260 3735 1348 3796 Nihil
1369 3758 1423 3798 nos
1442 3737 1509 3798 heic
1528 3738 1566 3798 de
1586 3739 1650 3820 ipsa

224 3847 330 3907 insula
360 3845 574 3923 edisserimus,
606 3863 676 3904 eum
697 3844 735 3904 de
755 3865 791 3905 ea
809 3845 941 3928 plurima
961 3845 1087 3927 quidem
1111 3845 1232 3928 prodita
1254 3849 1314 3907 sint
1339 3847 1506 3912 aClaritio
1519 3893 1529 3925 ,
1559 3868 1651 3930 quem

222 3972 378 4039 propterea
400 3952 580 4016 adeundum
601 3973 760 4018 censemus
780 3954 819 4014 ab
838 3955 894 4031 iis,
925 3956 980 4036 qui
1007 3968 1175 4017 nostrarum
1205 3959 1425 4040 antiquitatum
1454 3961 1650 4042 vestigatione

224 4067 422 4130 delectantur.

301 4179 348 4260 (α)
368 4177 496 4238 infimae
516 4175 672 4238 latinitatis
690 4177 829 4258 glossaria
848 4180 910 4239 loci
926 4192 1094 4242 seruatores
1118 4200 1173 4262 pro
1193 4181 1311 4242 vicariis
1329 4202 1363 4240 ac
1379 4182 1649 4249 locumtenentibus

219 4299 463 4375 interpretantur.
483 4288 575 4372 Apud
601 4303 744 4351 nostrates
775 4293 842 4352 aevi
872 4292 965 4353 medii
991 4295 1150 4376 scriptores
1175 4308 1240 4354 tum
1264 4295 1449 4357 vocabulum
1477 4299 1556 4374 hoc,
1583 4314 1648 4362 tum

219 4427 362 4489 graecum
381 4401 582 4484 eosrossparsis
592 4445 603 4480 ,
624 4403 707 4485 quod
728 4403 824 4466 eidem
846 4405 943 4468 latino
964 4408 1086 4470 omnino
1106 4407 1287 4490 respondet,
1308 4429 1370 4471 non
1390 4431 1458 4472 raro
1478 4433 1647 4481 occurrunt.

219 4525 255 4582 In
270 4521 350 4602 Lupi
365 4519 580 4600 Protospathae
595 4518 739 4581 chronico
759 4521 799 4580 ad
815 4541 931 4582 nonum
948 4527 1024 4586 1018
1045 4523 1175 4604 legitur:
1192 4525 1343 4601 Ligon'rts
1361 4523 1520 4606 Tepoteriti
1537 4527 1648 4608 (nem-

221 4651 257 4710 pe
272 4629 460 4712 ‘l'opoteretes
474 4627 583 4710 )fect't
597 4627 767 4706 praelium.
787 4631 864 4690 Item
883 4651 1051 4713 anonymus
1071 4632 1197 4693 barensis
1218 4632 1351 4693 eiusdem
1375 4635 1502 4698 nominis
1520 4641 1649 4700 mentio-

221 4759 291 4800 nem
312 4740 402 4800 habet
423 4737 455 4798 in
477 4759 557 4800 anno
581 4753 681 4811 1041,
702 4737 756 4798 ubi
791 4738 855 4798 ait:
885 4743 932 4800 Et
948 4740 1103 4803 Amittino
1129 4742 1312 4806 Lambardo
1338 4747 1469 4806 intravit
1500 4749 1536 4807 in
1557 4750 1646 4809 Mel-

213 4847 266 4922 fi,
293 4854 359 4906 erat
385 4846 553 4928 Topoteriti
581 4848 619 4906 dc
646 4847 715 4925 ipso
745 4853 918 4927 catepano.
951 4848 998 4910 Er
1020 4851 1128 4932 quibus
1149 4866 1231 4934 patet
1251 4854 1463 4934 enmocepanti
1487 4857 1549 4918 istis
1569 4858 1645 4920 belli

219 4958 504 5025 administrationem
525 4961 707 5024 commissam
727 4960 822 5025 fuisse.
849 4962 919 5025 Vox
933 4983 1022 5046 porro
1042 4965 1237 5028 lociseruator
1258 4965 1498 5049 deprehenditur
1519 4973 1549 5032 in
1573 4976 1643 5034 actis
