4658 6508
1335 650 1459 744 (eo)

601 851 603 855 v
685 819 718 880 et
741 829 817 880 cum
840 807 974 880 introito
997 821 1058 878 ¹suo
1081 815 1114 879 et
1138 807 1291 880 omnibus
1314 808 1361 879 eis
1384 805 1620 902 pertinentibus
1644 809 1802 899 quatenus
1834 822 1892 894 per
1915 807 2113 870 memoratas

685 936 887 1006 coherentias
911 934 1004 1005 vobis
1028 958 1066 1006 ea
1090 933 1327 1006 insinuavimus
1352 937 1392 1006 dc
1416 959 1481 1028 qua
1503 933 1586 1002 nihil
1604 930 1697 1003 nobis
1721 928 1838 1000 exinde
1856 925 2010 996 remansit
2026 925 2113 994 sicut

684 1061 831 1154 superius
854 1059 974 1153 legitur
998 1087 1016 1131 a
1040 1061 1134 1132 nobis
1157 1061 1250 1131 vobis
1275 1062 1458 1132 venundata
1493 1069 1525 1128 et
1549 1057 1665 1128 tradita
1689 1055 1724 1124 in
1753 1063 1859 1126 vestra
1889 1053 2114 1144 heredumque

685 1197 868 1260 vestrorum
892 1189 956 1259 sint
979 1198 1138 1282 potestate
1171 1188 1289 1259 avendi
1325 1188 1452 1258 tenendi
1487 1187 1639 1258 vindendi
1672 1183 1807 1255 cedendi
1840 1179 1982 1252 donandi
2014 1201 2113 1247 com-

684 1315 833 1386 mutandi
856 1339 914 1386 seu
936 1316 1133 1390 hedificandi
1156 1327 1188 1387 et
1212 1318 1393 1390 fabricandi
1416 1327 1448 1388 et
1473 1314 1664 1385 ascendendi
1688 1314 1773 1384 sicut
1791 1317 1970 1382 memorata
1986 1307 2113 1378 merissi

685 1447 828 1516 continet
852 1470 951 1540 quam
975 1448 1125 1540 superius
1149 1421 1229 1540 aput
1252 1471 1312 1516 vos
1337 1447 1446 1519 remisi
1464 1448 1515 1517 vel
1539 1445 1699 1538 quidquid
1721 1443 1838 1514 exinde
1863 1442 1968 1510 lacere
1992 1436 2114 1508 volue-

686 1573 758 1641 ritis
781 1573 916 1644 liberam
941 1597 1068 1667 semper
1094 1573 1212 1646 abeatis
1235 1597 1278 1666 po
1302 1583 1483 1667 potestate:
1510 1575 1538 1642 Α
1565 1573 1657 1641 nobis
1682 1581 1791 1640 autem
1815 1575 1996 1638 memorato
2025 1563 2112 1634 bono

686 1697 876 1768 hortulanus
900 1709 932 1769 et
956 1702 1113 1794 eupraxia
1137 1702 1260 1795 iugales
1285 1703 1337 1774 vel
1361 1728 1379 1769 a
1404 1693 1523 1770 nostris
1547 1700 1720 1770 heredibus
1745 1696 1832 1767 vela
1858 1692 1952 1763 nobis
1967 1691 2113 1784 personis

685 1823 864 1893 summissis
888 1824 979 1893 nullo
1003 1833 1150 1919 tempore
1174 1827 1296 1897 nullam
1333 1829 1451 1898 exinde
1488 1826 1608 1895 abeatis
1631 1824 1843 1917 requisitione
1873 1825 1929 1890 aut
1966 1818 2114 1889 molestia

685 1958 753 2018 tam
776 1971 835 2019 vos
858 1949 917 2041 qui
940 1971 1038 2042 supra
1060 1951 1176 2020 basilio
1201 1951 1336 2020 ferrario
1361 1961 1393 2021 et
1417 1950 1518 2020 maria
1544 1950 1667 2041 iugales
1692 1970 1857 2041 quamque
1884 1945 1998 2016 vestris
2023 1944 2114 2012 here

686 2075 780 2144 dibus
795 2097 853 2168 per
868 2075 995 2145 nullum
1018 2079 1154 2150 modum
1177 2077 1440 2170 inperpetuum:
1460 2079 1594 2170 Insuper
1610 2099 1670 2148 nos
1687 2085 1720 2145 et
1734 2075 1870 2145 heredes
1887 2071 2005 2143 nostris
2022 2068 2113 2139 vobis

686 2200 866 2296 vestrisque
890 2200 1063 2275 heredibus
1087 2202 1127 2272 ab
1151 2202 1242 2272 omni
1265 2201 1398 2274 bomine
1424 2201 1580 2304 omnique
1604 2222 1741 2301 persona
1765 2197 1856 2266 omni
1880 2204 2026 2289 tempore
2050 2219 2114 2266 an-

687 2332 803 2393 testare
827 2333 860 2393 et
884 2326 1050 2395 defensare
1074 2327 1295 2419 promittimus
1319 2328 1354 2397 in
1382 2337 1576 2420 perpetuum
1604 2350 1665 2419 pro
1694 2348 1734 2394 eo
1763 2326 1853 2417 quod
1883 2323 2066 2417 accepimus
2096 2347 2115 2392 a

688 2452 781 2521 vohis
806 2454 924 2523 exinde
948 2453 983 2522 in
1007 2455 1148 2547 presenti
1172 2455 1205 2524 in
1229 2477 1359 2525 omnem
1384 2457 1580 2525 decisionem
1604 2477 1663 2525 seu
1687 2452 1917 2524 deliberatione
1940 2453 2022 2522 idest
2046 2452 2116 2522 auri

686 2575 808 2649 solidos
832 2578 943 2654 decem
967 2589 1000 2648 et
1023 2589 1146 2670 septem
1183 2578 1366 2680 hytianteos
1395 2580 1478 2649 sicut
1512 2579 1597 2654 inter
1625 2577 1719 2646 nobis
1749 2575 1927 2648 convenit:
1969 2575 2059 2670 quod
2090 2575 2116 2642 si

688 2704 781 2778 aliter
805 2705 978 2776 fecerimus
1003 2705 1217 2805 debeoque
1242 2706 1480 2806 superiusque
1510 2731 1528 2774 a
1552 2705 1646 2782 nobis
1679 2704 1772 2773 vobis
1804 2703 2026 2773 venundatum
2059 2723 2118 2770 seu

688 2831 886 2922 promissum
909 2835 1063 2926 leguntur
1089 2845 1145 2904 aut
1169 2835 1286 2928 quovis
1311 2843 1457 2926 tempore
1474 2857 1532 2902 nos
1550 2835 1600 2907 vel
1617 2833 1752 2904 heredes
1768 2831 1888 2902 nostris
1905 2837 2017 2902 contra
2035 2828 2118 2896 banc

690 2958 870 3028 chartulam
890 2960 1085 3034 venditionis
1111 2972 1147 3030 ut
1170 2985 1268 3056 super
1295 2965 1413 3054 legitur
1446 2963 1558 3032 venire
1587 2960 1853 3056 temptaverimus
1881 2970 1912 3029 et
1943 2958 1978 3028 in
1995 2957 2119 3050 aliquid

690 3084 803 3155 ollensi
825 3086 984 3156 fuerimus
1008 3110 1067 3178 per
1091 3089 1238 3179 quolibet
1260 3089 1395 3159 modum
1421 3099 1476 3158 aut
1499 3086 1679 3160 summissis
1705 3086 1849 3178 personis
1877 3097 1952 3156 tunc
1975 3108 2121 3178 compo-

690 3211 798 3278 nimus
821 3231 881 3279 nos
904 3221 937 3282 et
960 3211 1095 3282 heredes
1118 3212 1237 3282 nostris
1261 3212 1354 3280 vobis
1378 3213 1559 3305 vestrisque
1575 3210 1748 3282 heredibus
1777 3211 1849 3282 auri
1873 3210 1955 3280 libra
1971 3231 2036 3280 una
2052 3211 2121 3304 by-

690 3333 820 3402 tiantea.
864 3343 896 3403 et
936 3332 996 3404 bec
1031 3334 1176 3407 chartula
1212 3343 1250 3403 ut
1286 3357 1383 3428 super
1423 3336 1542 3427 legitur
1577 3338 1620 3406 sit
1648 3337 1741 3405 firma
1770 3336 1887 3428 scriptu
1917 3358 1976 3428 per
2004 3357 2118 3404 manus

692 3457 843 3526 lobannis
867 3459 1031 3553 scriptoris
1056 3460 1214 3552 discipulo
1238 3460 1360 3533 domini
1385 3461 1532 3554 stephani
1556 3461 1687 3530 curialis
1711 3484 1768 3554 per
1791 3461 1970 3533 indictione
1986 3485 2119 3532 memo-

693 3595 761 3662 rata
785 3589 944 3692 oclaha†

788 3711 861 3782 Hoc
884 3713 1015 3806 signum
1039 3714 1199 3808 †manus
1223 3719 1394 3796 memorati
1417 3720 1495 3790 boni
1510 3729 1542 3790 et
1556 3718 1711 3811 eupraxia
1730 3718 1853 3810 iugales
1868 3719 1956 3812 quod
1977 3739 2039 3808 ego
2062 3717 2120 3816 quii

692 3849 891 3913 memoratus
907 3864 968 3933 pro
985 3841 1030 3912 eis
1047 3842 1220 3935 subscripsi
1236 3855 1268 3915 et
1283 3853 1480 3914 memoratos
1498 3845 1616 3915 solidos
1632 3843 1788 3912 confiteor
1805 3843 1994 3936 percepisse.

789 3961 914 4057 †Ego
937 3967 1093 4039 iohannes
1119 3968 1204 4038 filius
1228 3970 1352 4042 domini
1388 3969 1502 4050 stefani
1539 3968 1661 4044 tribuni
1693 3977 1828 4060 rogatus
1859 3967 2120 4062 asuprascripto

693 4092 801 4182 iugale
825 4095 898 4162 testi
921 4095 1096 4188 subscripsi
1121 4107 1153 4166 et
1176 4097 1395 4189 suprascripto
1420 4096 1540 4168 solidos
1564 4097 1721 4174 confiteor
1756 4094 1981 4192 percepisse†
2004 4147 2110 4170 .....

702 4267 806 4288 .....
814 4219 948 4289 testibus
971 4221 1090 4293 iterum
1114 4224 1176 4294 alia
1200 4247 1327 4296 manus.
1476 4317 1479 4322 Ι

790 4347 821 4438 †
844 4347 914 4439 Ego
937 4359 1047 4441 petrus
1071 4349 1156 4420 filius
1179 4350 1305 4422 domini
1328 4351 1426 4444 sergii
1435 4401 1565 4421 ......
1576 4352 1638 4421 alia
1662 4375 1792 4423 manus.

790 4471 821 4566 †
843 4477 914 4568 Ego
937 4477 1061 4571 sergius
1085 4477 1170 4550 silius
1194 4479 1318 4549 domini
1343 4477 1491 4549 iohannis
1501 4528 1607 4550 .....
1616 4479 1716 4549 etiam
1739 4489 1772 4550 et
1791 4478 1871 4549 alias
1886 4501 2013 4551 manus.

790 4599 917 4696 †Ego
947 4603 1120 4698 stephanus
1153 4604 1284 4675 curialis
1316 4613 1389 4697 post
1418 4603 1692 4708 subscriptionem
1726 4605 1856 4674 testium
1889 4614 1921 4677 et
1946 4607 2117 4678 memorati

695 4727 843 4804 iohannis
866 4728 1032 4822 scriptoris
1056 4729 1207 4823 discipuli
1231 4730 1295 4800 mei
1321 4751 1419 4810 manu
1443 4751 1516 4808 mea
1532 4727 1665 4832 propria
1685 4729 1848 4822 complevi
1866 4753 1924 4832 per
1941 4730 2116 4808 indictione

695 4865 872 4931 memorata
896 4855 1009 4926 octaba
1018 4904 1147 4927 ......
1156 4880 1213 4928 seu
1238 4867 1269 4927 et
1293 4853 1372 4924 alias
1397 4878 1523 4938 manus„

788 4982 914 5077 †Ego
938 4985 1070 5064 andreas
1095 4985 1270 5080 primarius
1294 4995 1326 5056 et
1351 4985 1541 5062 scriniarius
1566 4985 1676 5057 curiae
1693 4985 1791 5065 buius
1808 4986 1948 5060 civitatis
1976 4987 2118 5081 neapolis
