4692 6512
873 661 1020 760 (rao)

233 823 388 918 stephano
413 820 481 900 filio
504 821 638 917 quidem
661 819 833 894 iohannis:
868 823 918 895 De
947 822 1159 896 intentionem
1184 843 1284 919 quam
1307 821 1392 895 inter
1419 845 1480 896 nos
1504 823 1654 900 altuimus

235 970 296 1040 pro
318 950 455 1022 fundum
478 948 536 1043 qui
562 946 624 1018 iuit
647 945 781 1040 quidam
803 944 949 1039 palumvi
973 957 1008 1017 et
1031 943 1184 1017 iohannis
1201 945 1341 1040 genitori
1369 954 1403 1018 et
1419 947 1487 1019 lilio
1512 948 1554 1021 do
1581 948 1654 1020 loeo

235 1075 294 1168 qui
319 1085 456 1147 uocatur
479 1073 679 1146 amuliauum
702 1071 868 1144 territorio
890 1071 1053 1167 liguriano
1077 1083 1111 1147 et
1133 1075 1173 1146 de
1196 1093 1314 1168 campo
1348 1073 1407 1168 qui
1441 1083 1576 1147 uocatur
1613 1075 1653 1148 de

232 1202 344 1274 natare
367 1202 402 1273 in
425 1203 540 1274 eodem
564 1201 664 1274 fundo
688 1198 842 1271 coniunta
873 1221 1038 1294 quamque
1069 1209 1102 1273 et
1125 1202 1166 1273 da
1190 1200 1290 1271 alium
1313 1223 1432 1294 campu
1456 1201 1515 1296 qui
1546 1223 1654 1274 uoca-

233 1332 288 1398 tur
311 1325 504 1420 presteriolu
528 1347 587 1398 seu
609 1333 642 1396 et
665 1323 706 1396 de
720 1345 836 1416 eampu
861 1322 919 1416 qui
943 1331 1078 1393 uocatur
1100 1323 1141 1395 de
1163 1344 1346 1394 oauouursu
1369 1323 1532 1419 simrdqua
1555 1333 1588 1398 el
1613 1325 1653 1398 de

233 1472 350 1544 eampo
379 1451 438 1544 qui
461 1459 595 1522 vocatur
618 1449 738 1544 giniole
761 1459 794 1520 et
817 1449 856 1520 de
880 1469 1032 1542 eampum
1055 1447 1114 1542 qui
1136 1457 1273 1518 vocatur
1294 1448 1422 1522 mmene
1448 1473 1509 1522 nea
1531 1471 1598 1522 non
1621 1458 1654 1523 et

231 1580 272 1648 de
296 1596 414 1668 oampu
448 1575 507 1670 qui
531 1584 666 1646 uocatur
695 1572 878 1647 eesadonati
909 1583 943 1646 et
974 1595 1092 1666 eampu
1115 1572 1174 1667 qui
1197 1581 1333 1645 vooamr
1356 1573 1514 1647 teborioln
1537 1595 1595 1646 seu
1620 1582 1654 1647 et

230 1704 271 1774 de
294 1722 412 1797 campu
435 1701 494 1797 quri
517 1711 652 1774 vocatur
674 1700 905 1774 botronianum
928 1715 961 1776 at
983 1702 1084 1774 alium
1108 1723 1260 1796 eampum
1282 1701 1341 1797 qui
1365 1709 1413 1774 est
1435 1724 1527 1774 secus
1544 1703 1652 1775 encle-

228 1829 277 1899 sia
300 1829 455 1902 distructa
478 1829 637 1902 boeabulo
660 1830 764 1902 sancti
785 1831 923 1904 ianuarii
947 1854 1004 1905 seu
1026 1843 1060 1905 et
1082 1833 1123 1904 de
1146 1853 1264 1925 campu
1288 1829 1346 1925 qui
1370 1837 1506 1901 vocatur
1538 1829 1650 1902 tebora

229 1957 309 2026 item
333 1963 365 2026 et
389 1955 429 2026 de
453 1975 569 2048 campu
593 1953 653 2048 qui
675 1964 811 2029 uocatur
834 1955 1044 2027 castanietum
1068 1977 1145 2026 cum
1168 1963 1253 2027 terra
1277 1950 1336 2052 qui
1354 1955 1474 2028 dicitur
1490 1955 1598 2029 oesula
1615 1955 1651 2027 in

229 2078 346 2149 eodem
368 2077 566 2152 coniuncta:
590 2078 640 2151 De
663 2099 729 2172 qua
752 2089 784 2150 te
806 2079 1009 2174 quesivimus
1032 2077 1168 2150 dicendo
1192 2098 1267 2172 pars
1301 2099 1374 2150 mea
1398 2081 1488 2174 quod
1512 2079 1549 2150 in
1581 2099 1651 2150 no·

228 2201 389 2272 minatum
413 2203 552 2276 fundum
586 2211 620 2274 et
655 2201 878 2276 innominata
901 2210 988 2275 terre
1011 2210 1117 2272 uestra
1147 2199 1193 2270 ibi
1217 2200 1307 2272 abuit
1340 2203 1508 2274 nominato
1536 2209 1649 2276 sonato

227 2345 305 2396 meo
328 2325 524 2398 monasterio
548 2325 636 2397 intus
671 2324 836 2398 nominate
868 2335 954 2398 terre
979 2333 1115 2397 vestre:
1152 2347 1227 2419 pars
1261 2333 1370 2396 autem
1395 2335 1502 2398 vesus
1535 2325 1651 2397 nomi-

228 2450 296 2523 nati
321 2449 465 2544 campuli
488 2459 521 2521 et
544 2448 700 2544 stephano
723 2447 937 2544 respondebat
961 2449 1105 2523 dieentes
1128 2449 1211 2520 absit
1245 2448 1324 2546 quia
1356 2449 1476 2521 veritas
1510 2458 1652 2524 nonest

226 2577 316 2672 quod
339 2577 374 2652 iu
397 2576 601 2650 nominatum
625 2577 763 2648 fundum
787 2585 820 2648 et
844 2577 878 2648 in
903 2577 1065 2649 nominate
1096 2587 1182 2646 terre
1206 2585 1243 2646 tu
1267 2587 1324 2646 aut
1353 2577 1536 2648 nominatus
1571 2599 1652 2648 sun-

224 2717 296 2775 ctus
319 2713 425 2776 vester
449 2705 682 2778 monasterium
704 2703 750 2772 ibi
767 2703 849 2772 inira
874 2703 942 2795 ipse
959 2703 1143 2774 coherentia
1159 2707 1268 2770 nostra
1285 2709 1445 2796 quantum
1461 2699 1530 2796 ipse
1547 2702 1650 2774 alnar-

224 2829 293 2903 tule
318 2835 444 2896 nostrae
470 2823 613 2895 eontinet
636 2823 682 2892 ibi
706 2845 765 2892 vos
789 2833 874 2896 torre
898 2845 964 2892 non
980 2821 1138 2892 abuistitis
1153 2822 1221 2918 ipso
1236 2823 1468 2896 monasterium
1484 2848 1545 2920 per
1562 2849 1650 2923 qua·

225 2951 407 3044 dragintant
422 2970 522 3024 annos
541 2947 588 3045 (2)
606 2949 737 3048 quaudo
759 2948 941 3022 irroratum
957 2947 1036 3020 fuit:
1063 2957 1095 3020 et
1117 2947 1196 3020 dum
1212 2947 1352 3020 multum
1368 2947 1512 3045 litigium
1529 2951 1649 3026 exinde

223 3325 261 3364 aa
282 3301 448 3366 honoribus
467 3299 574 3363 eadem
595 3298 723 3364 ecelesia
744 3318 843 3364 narem
865 3297 1010 3381 coeperit.
1023 3297 1118 3380 Aegre
1138 3295 1267 3380 quidem
1285 3297 1343 3358 hoa
1357 3299 1430 3360 tulit
1444 3300 1652 3386 neapolitanus

230 3418 353 3482 antistes
375 3415 557 3480 Athanasius
581 3413 619 3493 1,
640 3427 752 3497 atquo
772 3409 911 3474 eiusdem
931 3409 1074 3474 eeclesiae
1094 3407 1213 3471 cultum
1233 3410 1430 3490 instauraret,
1453 3410 1571 3474 ibidem
1583 3433 1657 3475 mo·

225 3532 404 3594 matorum
422 3529 593 3609 collegium
611 3526 669 3590 arti
690 3524 826 3593 Atiam
846 3525 999 3606 regimine
1019 3522 1181 3586 orulinavit
1199 3519 1337 3600 afferens
1350 3527 1395 3585 eis
1408 3523 1535 3587 honam
1549 3545 1651 3590 renum

225 3648 260 3702 in
280 3665 395 3725 campo
415 3643 616 3725 neapolitano
628 3643 796 3724 positum,
820 3653 855 3701 ut
876 3639 921 3700 ait
940 3639 1066 3700 Ioannes
1086 3637 1246 3700 Diaconos
1271 3637 1305 3700 in
1326 3639 1522 3702 Athanasio-
1541 3645 1651 3706 Mona-

225 3755 349 3816 sterium
368 3753 426 3814 hoa
447 3763 658 3832 nuncupatum
677 3747 738 3810 fuit
766 3747 940 3808 beatissimi
957 3747 1108 3806 Ianuarii
1127 3745 1299 3808 sacerdotis
1317 3757 1348 3808 et
1371 3747 1487 3812 elman
1505 3755 1653 3832 nurtyrr's

225 3886 280 3924 ren
301 3865 473 3944 Agrippia·
491 3861 677 3938 aaersesson's
703 3858 921 3936 christiferis
940 3857 985 3919 ad
1001 3875 1136 3938 eorpus,
1167 3858 1214 3918 uti
1233 3877 1371 3942 praesens
1389 3862 1650 3941 instrumentum,

226 4003 261 4041 ac
282 3979 425 4062 pleraque
446 3975 507 4038 alia
528 3985 681 4037 testantur.
700 3971 778 4034 Cum
792 3991 856 4034 non
879 3969 983 4034 multis
1002 3985 1069 4054 post
1089 3973 1178 4035 annis
1198 3970 1462 4055 neapolitanorum
1483 3973 1652 4040 antistitum

227 4091 371 4168 loannis,
403 4087 560 4155 Laurentii
594 4098 624 4148 et
651 4084 813 4146 Athanasii
842 4084 965 4146 senioris
982 4128 992 4160 ,
1024 4085 1078 4166 qui
1103 4085 1135 4146 in
1159 4085 1343 4147 Sanctorum
1369 4105 1529 4150 numerum
1562 4087 1653 4154 relati

225 4207 368 4279 fuerant,
392 4200 469 4264 illuc
491 4219 617 4282 corpora
638 4198 732 4260 inlate
750 4197 877 4260 fuissent
888 4239 898 4274 ,
925 4193 1054 4259 ecclesia
1074 4217 1110 4258 aa
1129 4197 1345 4260 monasterium
1365 4199 1475 4261 mirum
1499 4213 1652 4282 quantum

226 4315 424 4380 uenerationis
445 4313 499 4376 sibi
520 4309 744 4389 conciliarunt,
762 4324 796 4370 ut
810 4311 972 4371 Aaronem
991 4308 1204 4370 translationis
1219 4313 1251 4371 S.
1265 4307 1446 4371 Athanasii
1463 4325 1568 4375 auctor
1589 4329 1653 4378 tra·

226 4430 313 4491 didit.
335 4427 383 4488 Ad
405 4425 612 4490 Benedictinos
632 4443 707 4488 vero
726 4421 903 4486 coenobium
923 4423 984 4487 hoa
1005 4423 1207 4504 pertinuisse,
1233 4434 1264 4484 et
1283 4421 1321 4483 ad
1342 4420 1414 4484 XV.
1433 4445 1527 4506 usque
1546 4445 1652 4489 saeca-

228 4541 295 4602 lum
316 4537 489 4620 perdurasse
511 4549 576 4599 tum
596 4533 769 4612 Pellieoia,
802 4546 869 4594 turn
900 4531 1040 4615 plerique
1065 4531 1118 4594 alii
1144 4531 1300 4614 scriptores
1330 4531 1506 4593 docuerunt.
1537 4532 1652 4596 lbidenr

227 4650 349 4731 posthac
371 4667 388 4708 a
408 4643 563 4710 Cardinali
582 4639 691 4703 Carasa
709 4641 916 4703 nosooomium
938 4653 1145 4714 exstructum,
1164 4653 1195 4702 et
1213 4659 1292 4701 anno
1314 4639 1393 4722 1669
1417 4639 1448 4700 in
1472 4639 1650 4724 ampliorem

228 4763 356 4826 sormam
376 4781 394 4819 a
414 4757 506 4820 Petro
528 4755 565 4819 de
584 4758 722 4837 Aragona
741 4753 912 4818 restitutum
931 4752 1020 4832 suit,
1047 4765 1082 4816 ut
1102 4751 1260 4837 proditum
1280 4769 1324 4815 est
1351 4775 1368 4814 a
1388 4752 1505 4815 Caleno
1525 4754 1537 4836 (
1562 4766 1583 4814 t.
1608 4757 1649 4814 V.

221 4890 381 4959 pag.129
411 4878 441 4932 et
459 4869 584 4952 seqq-l.

310 4979 357 5056 (α)
378 4973 455 5044 Heio
475 5000 569 5043 sermo
590 4991 633 5041 est
654 4976 692 5040 de
713 4975 967 5059 quadragenariae
988 4974 1230 5060 praescriptionis
1249 4994 1355 5058 genere
1378 4973 1496 5038 diverso
1525 4974 1651 5061 quidem

1246 5089 1267 5132 a
