4658 6508
891 539 907 630 (
932 540 1014 633 49)

232 690 362 760 naslerii
389 691 482 762 beate
508 691 610 762 marie
627 691 807 786 puellarum
825 694 877 764 dei
902 705 934 765 et
950 694 991 766 de
1017 716 1083 764 uno
1100 691 1204 786 eapite
1221 705 1269 766 est
1288 702 1371 765 terra
1394 694 1572 766 lohannolii
1590 696 1664 788 ler-

230 818 307 886 rarii
335 829 367 888 et
390 844 432 890 ex
459 819 523 890 alio
550 820 654 914 eapite
683 821 814 892 coheret
841 833 926 892 terra
934 868 1252 893 ..............
1260 835 1437 894 memorata
1466 834 1551 894 terra
1577 846 1661 914 por-

231 940 329 1011 tionis
355 965 428 1013 mee
456 945 495 1014 de
523 943 591 1036 ipsa
619 946 758 1017 clusurio
784 947 881 1018 babet
908 947 979 1019 linis
1007 948 1047 1018 ab
1075 971 1142 1020 uno
1170 949 1270 1020 latere
1298 961 1383 1020 terra
1408 951 1578 1020 memorati
1596 961 1662 1020 ste-

229 1066 329 1157 phani
358 1070 503 1159 germani
530 1069 594 1140 mei
621 1081 654 1140 ot
681 1074 720 1143 de
747 1073 811 1142 alio
837 1075 936 1146 latere
964 1075 1096 1146 eoberet
1122 1085 1207 1147 terra
1230 1076 1388 1168 portionis
1415 1076 1573 1147 heredum
1590 1097 1662 1144 me-

230 1194 348 1262 morati
380 1194 516 1264 Iohanni
548 1197 681 1289 quidam
713 1201 857 1290 ge1mani
887 1201 982 1271 mei:
1024 1213 1057 1272 et
1085 1211 1132 1274 est
1164 1203 1233 1296 ipsa
1269 1201 1378 1294 portio
1411 1225 1483 1272 mea
1517 1205 1557 1273 de
1594 1202 1663 1293 ipsa

230 1319 369 1388 clusoria
396 1343 472 1390 eum
498 1319 567 1412 ipsa
593 1322 742 1412 portione
768 1326 939 1394 memorati
964 1326 1110 1418 stephani
1133 1333 1165 1397 et
1186 1326 1345 1397 heredum
1360 1327 1497 1397 Iohanni
1512 1349 1569 1396 seu
1586 1349 1662 1396 me-

230 1453 353 1511 morate
379 1442 602 1513 theodonande
630 1445 720 1514 omni
743 1455 888 1540 tempore
915 1447 949 1518 in
976 1458 1126 1542 quartam
1157 1457 1247 1541 parte
1271 1449 1311 1519 ad
1343 1449 1458 1542 equale
1489 1471 1659 1518 mensura:

230 1569 276 1634 lta
303 1577 340 1635 ut
368 1591 386 1634 a
414 1569 555 1659 presenti
584 1569 635 1640 die
663 1579 696 1639 et
722 1569 871 1664 deinceps
897 1571 962 1641 iam
994 1573 1174 1643 nominatas
1206 1574 1346 1666 integras
1377 1576 1457 1644 duas
1489 1573 1591 1665 petias
1623 1574 1663 1643 de

228 1704 330 1764 terras
357 1695 515 1786 portionis
540 1718 613 1766 mee
639 1711 816 1768 memorate
843 1699 972 1769 eufimie
996 1724 1038 1770 ex
1065 1701 1183 1792 quibus
1206 1725 1271 1769 una
1291 1725 1355 1792 que
1372 1709 1507 1770 vocatur
1522 1699 1662 1768 clusuria

230 1823 271 1892 de
300 1821 487 1892 allinianum
515 1833 549 1892 et
577 1823 639 1891 alia
666 1849 730 1917 que
757 1827 944 1894 nominatur
972 1827 1012 1894 ad
1035 1827 1167 1895 sorbum
1181 1825 1302 1896 ibidem
1318 1827 1353 1894 in
1377 1827 1562 1895 alfinianum
1578 1849 1665 1895 eon-

229 1947 340 2015 stituta
356 1946 489 2016 insimul
503 1971 579 2017 eum
595 1949 764 2016 arvoribus
787 1959 819 2020 et
843 1948 989 2017 introitas
1006 1973 1119 2018 earum
1135 1960 1168 2018 et
1193 1951 1343 2018 omnibus
1359 1949 1406 2018 eis
1421 1949 1663 2041 pertinentibus.

229 2072 322 2140 Unde
345 2072 429 2141 nibil
452 2071 546 2141 nobis
569 2072 687 2141 exinde
710 2070 864 2141 remansit
891 2081 947 2142 aut
970 2071 1206 2142 reserbavimus
1230 2082 1388 2164 quatenus
1417 2081 1449 2142 et
1477 2094 1536 2163 per
1560 2074 1665 2144 eolre-

228 2197 348 2269 rentias
371 2197 464 2267 vobis
488 2220 541 2268 eas
556 2197 795 2295 ‚insinuavimus
818 2200 875 2292 (3)
908 2197 998 2268 sieud
1015 2197 1162 2291 superius
1183 2197 1304 2289 legitur
1326 2223 1345 2266 a
1367 2197 1459 2266 nobis
1483 2197 1575 2268 vobis
1603 2223 1663 2292 pro

230 2321 382 2413 portione
405 2320 575 2390 memorati
599 2318 733 2389 lohanni
756 2320 814 2388 filii
838 2332 871 2389 et
893 2321 1037 2412 germani
1061 2321 1162 2390 nostri
1186 2321 1250 2390 sint
1272 2323 1402 2390 offertas
1423 2329 1455 2389 et
1478 2323 1609 2391 traditas
1630 2324 1665 2393 in

230 2463 338 2522 vestra
371 2451 572 2544 posterisque
608 2450 722 2520 vestris
756 2451 819 2520 sint
841 2461 996 2544 potestate
1020 2453 1159 2548 qualiter
1183 2453 1299 2522 exinde
1332 2453 1437 2522 lacere
1469 2451 1662 2524 volueritis:

230 2587 262 2647 et
286 2600 392 2672 neque
416 2600 435 2643 a
459 2575 552 2644 nobis
569 2584 745 2645 memorata
766 2575 895 2646 eufimia
914 2574 1047 2646 honesta
1067 2576 1185 2646 semina
1205 2585 1237 2644 et
1258 2575 1412 2646 vitaliano
1432 2599 1489 2646 seu
1509 2576 1664 2668 stephano

312 2986 357 3066 (3)
378 2987 550 3046 Insinuare
572 2985 764 3044 instrumenta
787 2982 865 3042 idem
886 2981 943 3040 fuit
965 3003 1000 3040 ae
1024 3003 1058 3041 ea
1081 2983 1111 3040 in
1134 2995 1200 3042 aeta
1226 2980 1348 3062 publiea
1370 2979 1498 3058 referre,
1523 2979 1585 3039 sive
1605 2977 1662 3036 sub

232 3105 510 3153 monumentorum
527 3095 623 3171 gestis
641 3092 782 3169 profiteri
791 3136 800 3166 ,
826 3089 1078 3170 quemadmodum
1099 3089 1216 3150 loeutus
1235 3104 1277 3150 est
1303 3090 1477 3150 lastinianus
1507 3088 1613 3170 (Gap.
1635 3107 1658 3166 7

233 3205 315 3261 Noa.
332 3201 378 3282 73
388 3201 408 3283 ).
433 3199 548 3260 Eodem
567 3199 717 3260 reserenda
730 3213 797 3258 sunt
809 3199 899 3260 verba
912 3199 1020 3258 indere
1035 3240 1045 3272 ‚
1067 3200 1198 3258 inserere
1214 3242 1223 3273 ,
1246 3199 1381 3274 alligare
1393 3198 1472 3257 actis
1485 3219 1536 3258 seu
1549 3199 1661 3274 gestis.

230 3317 318 3373 Hane
340 3333 410 3373 vero
423 3315 683 3373 instrumentorum
700 3311 947 3372 insinuationem
968 3309 1049 3392 apud
1070 3325 1210 3371 nostrates
1225 3311 1344 3370 minime
1364 3311 1520 3370 obtinuisse
1542 3309 1664 3370 arbitra-

231 3445 319 3496 mur,
341 3423 453 3504 quippe
477 3444 546 3482 cum
559 3445 593 3482 ea
612 3444 665 3482 nec
679 3435 858 3482 memoretur
871 3443 887 3480 a
901 3421 1037 3493 Clan'tio,
1060 3422 1114 3500 qui
1136 3421 1284 3482 universas
1306 3434 1441 3482 veterum
1453 3422 1664 3484 instrumento·

231 3559 298 3596 rum
322 3536 533 3596 sollemnitates
558 3537 697 3615 vicesque
715 3534 869 3616 explorare
884 3533 1017 3610 studuit,
1040 3555 1093 3593 nec
1112 3532 1232 3592 aliunde
1254 3546 1383 3592 eruatur.
1401 3532 1491 3611 Quod
1504 3535 1526 3594 si
1539 3535 1664 3596 maiores

231 3649 321 3706 nostri
341 3646 462 3706 cuidam
484 3646 674 3726 publicorum
694 3661 829 3706 aetorum
854 3647 977 3704 archivo
1000 3665 1066 3703 suos
1087 3647 1210 3704 inserere
1232 3657 1399 3704 contractus
1422 3644 1500 3704 soliti
1520 3643 1640 3704 fuissent
1652 3687 1661 3718 ,

233 3761 269 3818 ab
288 3757 391 3816 eodem
409 3779 476 3818 sane
494 3759 617 3816 archivo
633 3759 743 3818 horum
756 3756 892 3838 exempla
913 3755 1117 3837 postulassent.
1133 3758 1199 3816 Hoc
1218 3769 1318 3814 autem
1331 3774 1484 3833 nunquam
1499 3755 1662 3834 antiquiore

231 3875 287 3931 illo
310 3893 382 3932 aevo
406 3873 557 3953 contigisse
582 3872 737 3950 novimus3
763 3885 793 3930 et
818 3871 869 3928 ubi
895 3871 1121 3929 instrumentum
1149 3866 1272 3947 aliquod
1296 3867 1435 3928 amissum
1457 3865 1583 3942 suisset,
1609 3887 1663 3947 pro

232 3994 384 4062 comperto
408 3981 551 4040 babemus
574 3979 629 4039 sub
655 3977 910 4058 Andagavensinm
931 3977 1099 4058 principatu
1124 3995 1182 4033 non
1200 3973 1320 4034 aliunde
1348 3973 1504 4056 quidpiam
1534 3973 1571 4034 de
1602 3977 1662 4036 eius

232 4103 372 4149 contextu
388 4089 501 4148 hauriri
518 4089 644 4169 potuisse
666 4107 759 4167 quarn
783 4107 799 4145 e
828 4085 986 4144 curialium
1006 4085 1236 4162 protoelrollis,
1263 4083 1400 4162 quamvis
1426 4082 1501 4142 haee
1524 4083 1663 4164 imperfe-

232 4216 279 4261 cta
305 4200 467 4262 admodum
491 4215 582 4260 essent
595 4247 604 4277 ‚
629 4215 658 4260 et
681 4221 788 4282 parum
813 4199 880 4280 ipsis
911 4196 981 4258 fidei
1007 4197 1202 4270 tribueretur,
1233 4196 1277 4254 uti
1307 4194 1393 4256 docet
1422 4195 1501 4256 idem
1524 4194 1663 4259 Claritius

233 4311 331 4391 (pag.
355 4324 413 4369 roa
428 4319 457 4369 et
471 4330 558 4389 seqq.
573 4307 594 4389 ).

314 4418 513 4497 Quamobrem
538 4417 663 4478 verbena
687 4418 851 4480 insinuare
867 4419 898 4478 in
915 4417 1059 4499 praesenti
1080 4419 1272 4478 instrumento
1286 4438 1345 4476 non
1360 4416 1454 4477 allata
1472 4415 1595 4498 quidem
1608 4441 1662 4478 no·

233 4535 335 4608 tione,
358 4532 408 4591 sed
431 4553 485 4612 pro
505 4531 549 4615 τῷ
574 4529 735 4592 ostendere
757 4545 937 4612 usurpatur,
959 4551 1051 4610 quam
1072 4551 1192 4611 quoque
1216 4529 1459 4611 significationem
1483 4529 1578 4591 eidem
1595 4535 1662 4592 voci

232 4663 290 4700 non
313 4640 485 4702 insolentem
506 4640 592 4702 luisse
616 4641 742 4721 Congius
765 4653 895 4700 testatur.
918 4642 1023 4720 ltaque
1045 4641 1279 4700 insinuavimus
1296 4660 1358 4719 per
1373 4659 1448 4700 suas
1466 4641 1662 4702 coherentias

234 4753 374 4809 innostra
388 4751 447 4808 hae
462 4750 633 4810 membrana
656 4748 735 4810 idem
752 4761 794 4810 est
809 4769 843 4808 ac
859 4745 1051 4809 ostendimus
1067 4767 1210 4828 persnas
1227 4748 1346 4808 limites
1358 4747 1550 4827 praedium,
1569 4752 1663 4812 euius

235 4864 318 4922 inita
331 4861 407 4938 fuit
429 4864 579 4924 veerditio.

1288 4985 1306 5044 7
