4616 6532
679 682 851 744 XXXVIII

679 817 801 922 nesi
838 829 1020 946 carptim
1062 825 1186 912 hasce
1227 821 1497 910 membranas
1536 819 1780 933 perlegant,
1832 817 2102 904 adnotatione

680 1002 821 1062 carere
850 971 1022 1058 credant
1050 999 1133 1072 ea,
1183 993 1293 1081 quae
1321 963 1440 1052 nobis
1467 961 1567 1048 alibi
1615 957 1795 1046 enodare
1841 989 1966 1046 curae
2001 959 2097 1046 fnit.

681 1118 835 1204 Latino
866 1130 1039 1217 autem,
1071 1142 1155 1200 non
1182 1110 1321 1200 italico
1349 1137 1539 1197 sermone
1567 1107 1676 1221 ipses
1695 1103 1982 1192 adnotationes
2007 1133 2112 1189 eon·

680 1261 949 1374 scripsimus,
981 1277 1073 1342 turn
1104 1255 1205 1370 quia
1233 1252 1370 1340 latinis
1399 1249 1660 1338 documentis
1679 1247 1986 1354 subiiciuntur,
2012 1267 2109 1334 tum

682 1405 783 1517 quia
822 1403 904 1488 rati
942 1429 1088 1486 sumus
1127 1397 1323 1484 omnibus
1360 1397 1550 1500 exteris,
1592 1394 1748 1511 quibus
1784 1390 1955 1500 fortasse
1990 1391 2109 1478 haud

681 1573 850 1657 prorsus
878 1540 1161 1629 iniucundum
1190 1541 1268 1628 erit
1295 1569 1345 1626 ea
1372 1536 1588 1640 lectitare,
1638 1566 1748 1649 quae
1785 1563 1860 1621 nes
1908 1535 2110 1620 observa-

681 1685 837 1787 vimus,
882 1681 1050 1766 nullum
1078 1678 1248 1768 conflari
1276 1709 1393 1795 posse
1422 1678 1774 1795 impedimentum
1797 1707 1851 1762 ex
1879 1675 2007 1764 italici
2025 1707 2108 1764 ser·

681 1828 817 1914 monis
865 1827 1107 1940 imperitia,
1153 1855 1282 1942 quern
1317 1854 1400 1912 non
1439 1822 1611 1938 perinde
1649 1852 1698 1909 ae
1735 1823 1921 1910 latinum
1948 1823 2105 1938 ubique

680 1975 868 2080 gentium
908 1971 1163 2058 familiarem
1205 1970 1350 2056 haberi
1398 1971 1557 2054 nemini
1599 1967 1777 2054 dubium
1808 1997 1893 2054 esse
1921 1987 2066 2081 potest.

793 2117 845 2204 ln
874 2115 1024 2202 eodem
1051 2145 1175 2229 porro
1203 2114 1432 2201 voluminis
1459 2111 1571 2199 calce
1599 2111 1667 2198 vel
1701 2111 1914 2226 quaedam
1955 2112 2104 2200 chara-

682 2279 848 2345 cterum
876 2259 1104 2372 specimina
1133 2252 1371 2360 edidimus,
1412 2283 1521 2367 quae
1568 2273 1661 2338 tum
1700 2270 1943 2338 nostrarum
1973 2281 2107 2338 mem-

680 2403 912 2489 branarum
942 2401 1241 2511 antiquitatem
1275 2461 1287 2502 ,
1338 2416 1379 2480 et
1409 2396 1610 2500 labores,
1642 2424 1747 2509 qnos
1776 2397 1821 2482 in
1851 2396 2108 2482 membranis

679 2543 780 2656 ipsis
818 2542 1141 2654 interpretandis
1178 2538 1296 2625 adire
1336 2539 1556 2651 oportuit,
1606 2538 1811 2623 universis
1850 2537 1995 2650 palam
2042 2541 2108 2626 la-

681 2715 808 2791 cere,
852 2705 946 2770 tum
988 2681 1248 2769 conficiendis
1276 2700 1439 2768 nostrae
1466 2681 1811 2797 Palaeogrophiae
1843 2683 2110 2770 institutioni-

680 2834 791 2938 bus,
823 2861 932 2946 quae
969 2830 1107 2918 adhuc
1148 2829 1468 2934 desiderantur,
1510 2831 1734 2942 praecipuo
1775 2826 1951 2945 quidem
1992 2830 2110 2916 adiu-

637 3061 642 3068 .
680 2999 821 3065 mento
850 3007 934 3064 esse
962 2995 1168 3090 poterunt.
1199 2977 1360 3090 Ectypa
1389 3005 1558 3090 quoque
1585 2975 1837 3087 sigillorum,
1867 3005 1977 3092 quae
2001 3007 2109 3063 non·

681 3120 785 3206 dum
813 3122 869 3206 ob
896 3137 1147 3206 vetustatem
1189 3116 1325 3204 deleta
1360 3119 1402 3201 in
1432 3117 1670 3230 diplomatis
1710 3117 2104 3232 deprehendamus,

680 3262 1016 3378 unumquodque
1045 3263 1238 3375 deinceps
1266 3262 1467 3347 volumen
1496 3261 1724 3348 exhibebit.

790 3405 905 3492 Haeo
932 3408 1075 3493 ornnia
1104 3406 1287 3522 praefari
1317 3437 1477 3494 necesse
1505 3407 1770 3514 habuimus,
1807 3427 1857 3494 ut
1899 3407 2104 3513 lectores,

682 3570 911 3665 antequam
939 3550 994 3637 ad
1022 3569 1206 3639 nostram
1236 3551 1345 3638 hanc
1374 3553 1656 3639 colleotIonem
1699 3554 1892 3638 animum
1934 3581 2108 3640 eonver-

682 3715 801 3802 tant,
832 3714 1094 3812 perspeetum
1136 3697 1347 3805 habeant,
1391 3725 1599 3813 quaenam
1639 3699 1693 3785 sit
1735 3701 2111 3813 inpraesentiarum

680 3839 758 3926 Rei
787 3838 1091 3954 Diplomaticae
1119 3840 1333 3951 eonditi03
1362 3861 1572 3955 quantum
1599 3861 1739 3930 nostro
1767 3841 1846 3929 hoc
1864 3847 2107 3958 praesertim

679 4012 784 4066 aevo
812 4011 898 4069 sese
911 3985 985 4082 ,ita
1014 3982 1246 4069 absolutam
1274 3983 1586 4098 perfectamque
1615 4002 1822 4096 praestare
1841 3984 2039 4091 deberet,
2061 4005 2110 4068 ut

678 4127 785 4212 nihil
815 4129 860 4211 in
888 4155 937 4211 ea
964 4125 1288 4237 desideraretur3
1318 4159 1451 4244 quam
1478 4133 1703 4246 praecipuo
1730 4133 1783 4213 sit
1810 4132 1898 4246 ipsa
1925 4131 2108 4219 subsidio

681 4270 737 4356 ad
765 4269 1057 4358 illustrandam
1086 4273 1331 4359 inferiorum
1373 4293 1614 4390 temporum
1641 4274 1890 4384 historiam3
1920 4275 2026 4393 qnid
2054 4273 2107 4362 de

679 4414 791 4502 hisce
820 4416 1079 4531 temporibus
1106 4415 1225 4503 nobis
1253 4419 1477 4529 videatur,
1499 4437 1709 4533 quantum
1728 4419 2019 4532 cognoscendis
2038 4449 2109 4506 eo-

676 4557 878 4646 rumdem
906 4561 1028 4646 rebus
1056 4564 1205 4676 gestis,
1235 4565 1422 4650 moribus
1464 4591 1513 4650 ac
1551 4567 1748 4651 institutis
1784 4567 1942 4681 prosint
1969 4563 2107 4680 diplo-

680 4705 855 4792 maticae
884 4704 1157 4813 collectiones,
1181 4727 1222 4796 et
1237 4708 1451 4823 quomodo
1480 4737 1643 4794 neeesse
1658 4728 1717 4794 est
1731 4707 1806 4797 has
1834 4707 2008 4818 confici3
2030 4735 2108 4794 eur

680 4849 796 4934 nulla
816 4848 1015 4937 haetenus
1034 4853 1275 4940 huiusmodi
1295 4853 1483 4941 collectio
1502 4856 1615 4969 apud.
1635 4885 1712 4942 nos
1729 4855 1951 4971 prodierim
1972 4883 2106 4973 qnan-

680 4991 864 5102 donam,
895 5013 935 5080 et
969 5023 1153 5110 quorum
1190 4994 1413 5082 hominum
1441 4997 1579 5086 studio
1608 5017 1775 5115 coeptae
1808 5003 1889 5087 sint
1926 5001 2106 5092 alacrius
