4658 6508
1316 579 1432 671 (³⁸)

1344 865 1400 932 Xl.

1257 1118 1381 1188 Christe
1406 1122 1477 1189 fave

547 1267 600 1313 an·
762 1253 798 1321 ln
823 1249 955 1318 nomine
979 1247 1103 1317 domini
1127 1246 1177 1317 dei
1202 1246 1372 1316 salvatoris
1395 1246 1498 1316 nostri
1514 1246 1609 1316 lbesu
1626 1245 1739 1316 christi
1757 1247 1937 1338 lmperante
1961 1247 2095 1316 domino

532 1372 613 1431 926.
664 1387 776 1448 nostro
800 1373 1008 1446 Constantino
1033 1396 1152 1465 magno
1175 1375 1372 1466 Imperatore
1408 1396 1492 1442 anno
1514 1373 1630 1442 oetabo
1661 1373 1788 1444 decimo
1820 1373 1876 1442 sed
1900 1383 1933 1443 et
1957 1395 2094 1442 romano

663 1514 695 1571 et
719 1500 916 1572 christoforo
940 1499 1010 1570 eius
1034 1499 1101 1570 filio
1125 1521 1210 1568 anno
1233 1498 1349 1596 quinto
1373 1499 1426 1569 die
1449 1499 1602 1570 vicesima
1625 1511 1740 1594 quarta
1773 1501 1883 1568 morsis
1912 1499 2022 1592 aprilis
2047 1499 2095 1568 in-

664 1630 804 1700 dictione
839 1629 1078 1723 quartadeoima
1112 1627 1252 1720 neapoli.
1292 1626 1427 1697 Certum
1460 1638 1508 1698 est
1539 1651 1591 1699 me
1623 1629 1796 1700 iohannem
1834 1627 1938 1696 lilium
1962 1629 2095 1721 quidam

664 1754 789 1825 domini
814 1754 961 1826 anastasii
985 1753 1118 1823 tribuni.
1143 1755 1171 1823 Α
1196 1754 1336 1848 presenti
1359 1753 1412 1824 die
1436 1755 1632 1846 definivimus
1657 1757 1715 1824 tabi
1740 1757 1874 1825 donadei
1896 1755 2031 1824 colonus
2057 1759 2095 1826 de

661 1887 735 1955 loeo
759 1885 818 1978 qui
840 1893 977 1952 vocatur
1011 1888 1158 1950 sanctum
1193 1881 1386 1974 stephanum
1417 1883 1458 1953 ad
1489 1881 1545 1952 ille
1576 1883 1673 1953 sraote
1698 1882 1764 1952 lilio
1797 1859 1948 1976 quidam¹
1966 1883 2095 1975 salperti

661 2009 832 2102 presbiteri
855 2009 896 2078 de
919 2005 1099 2078 intentione
1123 2026 1222 2098 quem
1257 2005 1343 2076 inter
1366 2027 1426 2076 nos
1449 2006 1634 2076 habuimus.
1671 2016 1802 2099 proptor
1835 2030 1898 2076 una
1935 2009 2021 2099 petia
2056 2011 2095 2078 de

662 2146 837 2230 terraque
860 2143 996 2204 vocatur
1020 2134 1060 2204 ad
1083 2132 1241 2225 parietina
1265 2132 1369 2230 posita
1393 2133 1427 2202 in
1450 2143 1631 2206 memorato
1648 2133 1847 2203 locosancto
1863 2134 2019 2227 stephano
2036 2137 2093 2228 qui

662 2260 758 2329 babet
782 2259 860 2330 fines
884 2259 925 2328 ab
948 2279 1016 2327 uno
1039 2258 1138 2329 latere
1162 2270 1249 2330 terra
1279 2281 1352 2330 mea
1383 2281 1482 2353 quam
1506 2280 1591 2327 nune
1617 2257 1738 2327 detinet
1760 2258 1991 2328 monasterium
2015 2281 2095 2328 san-

663 2395 792 2455 ctorum
815 2384 964 2455 theodori
989 2393 1020 2454 et
1044 2384 1215 2456 sebastiani
1238 2385 1334 2455 sicuti
1356 2386 1441 2455 inter
1473 2409 1506 2456 se
1542 2385 1696 2455 termines
1725 2385 1857 2453 exfinat.
1891 2394 1924 2455 et
1957 2387 1997 2455 de
2031 2386 2095 2455 alio

662 2513 761 2581 latere
784 2510 916 2580 coheret
941 2518 1026 2578 terra
1051 2511 1090 2580 de
1114 2508 1300 2582 bominibus
1324 2511 1364 2580 de
1380 2508 1583 2580 eauoilione:
1613 2523 1645 2579 et
1672 2513 1710 2580 de
1737 2533 1804 2580 uno
1832 2510 1935 2603 eapite
1963 2510 2096 2582 coheret

663 2649 748 2703 terra
773 2645 828 2704 tua
851 2657 917 2728 que
940 2641 1076 2702 vocatur
1099 2632 1300 2704 ballanitum.
1329 2640 1362 2704 et
1385 2633 1425 2703 do
1448 2633 1512 2702 alio
1536 2633 1640 2726 capite
1664 2643 1712 2703 est
1736 2643 1820 2704 terra
1839 2683 2041 2707 .........
2058 2685 2089 2701 ..

661 2765 746 2832 unde
769 2773 802 2832 te
826 2762 955 2858 quesivi
979 2761 1114 2832 dicendo
1136 2784 1210 2853 pars
1234 2783 1304 2832 meo
1327 2761 1404 2856 quia
1429 2771 1606 2832 memorata
1643 2775 1728 2832 terra
1762 2785 1834 2834 mea
1869 2773 1982 2833 osteo
2007 2763 2096 2856 quod

660 2892 723 2961 fuit
746 2897 954 2982 parentorum
978 2909 1137 2958 meorum.
1162 2897 1195 2957 et
1217 2895 1254 2956 tu
1277 2895 1310 2957 et
1332 2885 1517 2978 parentibus
1553 2884 1618 2953 tuis
1647 2885 1729 2954 mibi
1765 2896 1796 2954 et
1833 2886 1873 2956 ad
1909 2885 2096 2978 parentibus

661 3014 742 3083 meis
766 3014 805 3084 de
829 3020 1008 3082 memorata
1033 3021 1118 3081 terra
1142 3035 1161 3079 a
1184 3032 1252 3104 quo
1275 3007 1394 3078 oultata
1427 3010 1489 3079 suit
1521 3010 1745 3080 terraratieum
1774 3009 1866 3079 nobis
1890 3011 2007 3080 exinde
2034 3012 2099 3080 de-

661 3143 763 3212 distis.
789 3151 822 3211 ot
846 3162 919 3232 pars
942 3149 999 3209 tua
1022 3139 1179 3232 replicans
1203 3139 1311 3212 dicens
1336 3140 1418 3208 absit
1441 3141 1519 3233 quia
1542 3139 1661 3209 veritas
1684 3162 1750 3208 non
1774 3150 1822 3210 est
1846 3164 1904 3210 nec
1929 3141 2008 3209 deus
2043 3142 2098 3208 la-

662 3266 726 3333 oiat
750 3273 786 3332 ut
810 3271 987 3333 memorata
1011 3271 1096 3330 terra
1121 3285 1185 3354 que
1209 3271 1346 3332 vocatur
1368 3261 1524 3353 parietina
1551 3269 1607 3328 tua
1642 3271 1698 3329 aut
1733 3263 1772 3331 de
1807 3263 1995 3354 parentibus
2031 3264 2095 3332 tuis

661 3393 773 3463 luisset
797 3401 834 3460 ut
856 3391 937 3461 diois
959 3412 1019 3460 neo
1042 3411 1104 3480 ego
1128 3399 1161 3462 et
1184 3390 1370 3492 parentibus
1394 3389 1475 3458 meis
1498 3389 1589 3459 vobis
1613 3389 1731 3459 exinde
1748 3390 1972 3459 terraratienm
1994 3413 2097 3460 num-

662 3538 762 3608 quam
786 3514 943 3584 dedimus.
972 3515 1026 3584 sed
1049 3536 1120 3584 mea
1153 3524 1201 3582 est
1230 3535 1270 3582 oo
1307 3515 1397 3606 quod
1431 3512 1494 3580 luit
1529 3523 1739 3604 parentorum
1769 3534 1920 3584 meorum
1957 3524 1990 3584 et
2019 3517 2095 3586 dum

661 3639 777 3709 exindo
799 3639 884 3710 inter
909 3659 967 3708 nos
991 3637 1129 3708 intentio
1153 3643 1347 3708 verteretur.
1373 3632 1552 3706 iudicatum
1577 3646 1624 3706 est
1647 3636 1732 3708 inter
1755 3659 1814 3705 nos
1848 3647 1885 3706 ut
1916 3638 1944 3707 si
1977 3639 2097 3709 baleret

663 3789 736 3858 pars
759 3788 832 3836 mea
854 3764 914 3834 tibi
937 3763 1155 3834 ostensionem
1179 3765 1284 3834 lacere
1308 3762 1449 3856 qualiter
1472 3771 1508 3831 tu
1533 3770 1566 3831 et
1588 3761 1774 3853 parentibus
1799 3763 1862 3832 tuis
1885 3764 1967 3834 mihi
1985 3775 2016 3837 et
2032 3791 2097 3858 pa-

662 3895 806 3965 rentibus
816 3895 895 3965 meis
907 3895 947 3965 de
958 3903 1135 3964 memorata
1150 3903 1235 3966 terra
1245 3890 1469 3962 terraraticum
1482 3888 1650 3962 dedissetis
1665 3889 1889 3960 iusiurandum
1904 3892 1950 3985 (1)
1969 3893 2098 3964 firmare

745 4248 789 4326 (ι)
811 4245 934 4328 Duplex
960 4246 1156 4308 iurisiurandi
1184 4266 1277 4329 genus
1304 4261 1408 4309 vetera
1430 4247 1577 4308 exhibent
1598 4249 1792 4311 documenta.
1817 4249 1953 4310 Primum
1974 4248 2099 4330 quidem

665 4361 792 4441 positum
812 4373 855 4422 est
874 4361 905 4419 in
927 4359 1065 4422 clausula
1091 4359 1222 4442 quadam
1242 4361 1452 4437 instrumenti,
1479 4382 1540 4444 qua
1573 4362 1783 4425 eontrabentes
1806 4382 1869 4425 sese
1890 4376 1980 4444 pacta
2000 4363 2099 4424 omnia

663 4485 730 4533 rata
749 4469 882 4548 habere,
906 4471 1148 4554 necquidquam
1170 4487 1275 4535 eontra
1296 4472 1401 4536 eadem
1422 4487 1542 4536 acturos
1557 4473 1721 4550 iurabant,
1737 4474 1907 4538 cuiusmodi
1923 4473 2099 4556 exemplum
2314 4547 2315 4552 γ

662 4587 694 4644 in
709 4588 805 4669 prima
819 4589 1010 4671 superiorum
1032 4589 1274 4653 membranarum
1296 4607 1362 4674 pag.
1377 4591 1397 4650 3
1411 4610 1440 4654 v.
1456 4609 1473 4670 7
1489 4603 1519 4650 et
1534 4593 1551 4649 8
1567 4588 1667 4652 habas.
1684 4587 1826 4654 Alterum
1844 4609 1916 4652 vero
1938 4588 1995 4650 snit
2010 4589 2101 4648 iusiu-

663 4697 796 4762 randum
811 4697 910 4776 illud,
927 4719 989 4782 quo
1004 4699 1073 4762 lites
1088 4696 1354 4775 diiudicabantur,
1372 4700 1458 4762 cuius
1474 4697 1650 4782 exemplum
1663 4699 1786 4760 exhibet
1801 4718 1938 4781 praesens
1952 4697 2100 4760 membra·

664 4837 712 4875 na
728 4818 962 4880 Sacramentum
984 4816 1042 4879 boo
1051 4859 1061 4892 ,
1075 4819 1120 4877 uti
1135 4813 1369 4900 quamplurimis
1381 4814 1614 4877 emonumentis
1625 4827 1727 4896 patet,
1741 4813 1821 4895 apud
1837 4815 1973 4875 aevitatis
1991 4809 2103 4872 mediae

660 4941 760 5006 gentes
790 4929 828 4988 ad
859 4929 1047 5010 quaestiones
1075 4927 1263 4990 dirimendas
1293 4928 1520 4986 usitatissimum
1549 4923 1628 4984 fuit·
1622 4923 1851 5004 ,siquidem
1842 4923 1937 5004 ipsius
1963 4920 2102 4982 sanctitas
