4658 6508
868 675 884 764 (
912 683 955 743 8⁷
981 673 994 768 )

213 847 288 895 nem
304 831 361 894 aut
376 823 525 895 molestia
551 834 608 894 tan
626 834 697 896 tum
720 825 782 920 qui
804 848 902 921 supra
925 836 1020 921 petro
1042 831 1153 922 nepoti
1178 853 1254 901 meo
1277 854 1441 927 quamque
1463 835 1526 905 tuis
1542 834 1647 908 bere-

215 950 312 1020 dibus
328 973 387 1044 per
403 949 533 1022 nullum
544 929 682 1024 modum
699 953 734 1022 in
749 961 969 1046 perpetuum:
987 951 1119 1046 insuper
1142 964 1175 1024 et
1198 955 1240 1024 ab
1264 957 1355 1026 omni
1379 957 1512 1031 bomine
1529 965 1644 1032 omni-

215 1099 280 1169 que
304 1099 458 1169 personas
481 1077 574 1148 omui
597 1087 743 1170 tempore
760 1099 822 1169 ego
836 1085 869 1145 et
884 1075 1019 1148 heredes
1035 1076 1101 1148 mei
1117 1077 1178 1147 tibi
1194 1080 1325 1173 tuisque
1340 1081 1514 1154 heredibus
1527 1087 1643 1157 exinde

213 1207 249 1275 iu
272 1205 423 1276 omuibus
443 1214 603 1278 antestare
619 1214 652 1276 et
668 1206 833 1276 defensare
850 1203 1043 1276 debeamus:
1061 1215 1195 1298 propter
1210 1208 1299 1299 quod
1314 1212 1423 1302 accepi
1441 1237 1460 1282 a
1477 1221 1508 1283 te
1525 1216 1643 1286 exinde

212 1337 247 1405 in
271 1335 413 1428 presenti
438 1335 522 1406 idest
545 1333 619 1406 auri
642 1333 763 1404 solidos
785 1339 929 1426 quatuor
943 1332 1127 1426 bytianteos
1142 1340 1176 1402 et
1192 1341 1261 1404 tare
1276 1357 1380 1406 unum
1395 1349 1433 1407 ut
1447 1338 1532 1410 inter
1548 1343 1643 1412 nobis

216 1461 400 1534 comvcnit:
426 1461 454 1532 si
478 1471 589 1532 autem
612 1484 675 1554 ego
699 1470 756 1532 aut
778 1457 916 1532 heredes
940 1459 1007 1530 mei
1031 1467 1144 1530 contro
1167 1457 1251 1531 banc
1274 1465 1456 1538 chartulam
1473 1469 1642 1539 venditio-

210 1586 261 1656 nis
285 1599 321 1657 ut
356 1609 453 1680 super
489 1585 609 1679 legitur
645 1588 758 1662 venire
781 1593 1074 1684 presumpserimus
1098 1592 1152 1661 vel
1180 1590 1208 1660 si
1233 1592 1371 1663 minime
1406 1593 1640 1688 adimpleveri-

210 1733 282 1782 mus
305 1711 367 1782 bec
401 1710 514 1781 omnia
544 1721 724 1784 memoratu
751 1736 811 1806 per
845 1715 964 1808 quovis
995 1717 1132 1787 modum
1156 1727 1213 1786 aut
1236 1715 1441 1786 summissam
1464 1739 1638 1809 personam

209 1848 286 1906 tunc
310 1835 538 1929 componimus
570 1837 629 1907 tibi
666 1837 795 1934 tuisque
819 1838 995 1912 heredibus
1018 1839 1091 1908 auri
1113 1839 1233 1909 solidos
1256 1839 1430 1910 duodecim
1454 1839 1639 1934 bytianteos

210 1971 243 2030 et
268 1961 328 2034 hec
351 1961 496 2034 venditio
521 1973 558 2032 ut
574 1985 673 2057 super
697 1964 816 2058 legitur
842 1963 885 2034 sit
902 1964 1056 2035 firmam:
1086 1963 1240 2056 scriptam
1260 1988 1319 2056 par
1334 1988 1467 2034 manum
1486 1967 1637 2036 anastasii

210 2091 341 2159 curialis
370 2114 428 2183 per
453 2101 631 2162 memorata
656 2091 832 2162 indictione
855 2092 919 2161 boc
946 2089 1125 2184 signum†
1148 2111 1264 2161 manus
1288 2094 1462 2162 memorati
1490 2093 1636 2163 eustratii

209 2218 334 2286 ferrarii
357 2241 434 2287 cum
459 2239 651 2289 consensum
672 2218 774 2312 ipsius
797 2217 929 2310 coniugi
955 2239 1013 2287 sue
1034 2215 1093 2310 qui
1116 2216 1226 2286 omnia
1253 2225 1432 2287 memorata
1446 2219 1635 2288 consentie-

207 2351 283 2409 runt
306 2342 395 2432 quod
420 2363 483 2433 ego
507 2343 566 2436 qui
592 2352 789 2412 memoratos
816 2365 879 2436 pro
911 2341 958 2413 eis
981 2340 1157 2436 subscripsi
1185 2353 1218 2413 et
1245 2351 1467 2413 memoratum
1493 2342 1636 2432 pretium

205 2471 363 2540 traditum
389 2469 455 2540 vidi
473 2467 503 2562 †

301 2590 418 2684 †Ego
443 2593 633 2662 cristoforus
654 2592 740 2662 filius
763 2590 889 2662 domini
913 2593 1020 2662 mauri
1058 2592 1179 2663 medici
1204 2601 1339 2683 rogatus
1370 2616 1389 2660 a
1413 2589 1632 2682 suprascripto

205 2713 313 2805 iugale
340 2713 413 2783 testi
435 2713 610 2806 subscripsi
634 2723 667 2784 et
689 2713 944 2807 suprascriptum
975 2714 1083 2806 pretiu
1109 2712 1265 2782 traditum
1286 2710 1397 2804 bidi†

301 2839 332 2933 †
360 2842 436 2933 Ego
460 2839 614 2912 iohannes
636 2841 721 2912 filius
747 2840 871 2912 domini
888 2837 1033 2932 gregorii
1047 2849 1182 2931 rogatus
1201 2861 1220 2906 a
1243 2837 1478 2931 suprascriptos
1507 2835 1631 2929 iugales

203 2967 277 3039 testi
300 2967 473 3062 subscripsi
496 2981 530 3041 et
546 2968 802 3063 suprascriptum
819 2967 927 3062 pretiu
948 2964 1062 3057 bidi†

299 3094 418 3188 †Ego
441 3098 582 3168 stefanus
603 3096 689 3165 filius
710 3095 836 3164 domini
867 3091 1026 3164 theodosii
1053 3089 1175 3160 tribuni
1196 3099 1330 3182 rogatus
1350 3115 1369 3158 a
1394 3090 1627 3184 suprascriptos

203 3221 327 3312 iugales
349 3221 423 3290 testi
450 3220 626 3314 subscripsi
645 3229 678 3290 et
701 3217 956 3312 suprascriptum
982 3215 1125 3309 pretium
1149 3215 1305 3285 traditum
1330 3213 1398 3282 bidi
1422 3213 1452 3307 †

299 3345 329 3439 †
353 3350 425 3439 Ego
455 3346 630 3418 anastasius
657 3345 788 3416 curialis
814 3344 872 3440 qui
896 3353 1092 3415 memoratos
1107 3351 1181 3437 post
1202 3343 1472 3436 subscriptionem
1497 3343 1626 3414 testium

201 3475 366 3566 complevi
383 3487 415 3548 et
431 3478 557 3550 absolvi
572 3502 632 3574 per
646 3487 826 3556 memoratu
842 3475 1028 3549 indictione.
1043 3469 1074 3566 †
