4692 6512
889 624 1032 720 (aaa)

247 805 334 854 cum.
368 783 500 877 quoda
527 804 601 876 pars
628 779 729 876 ipsius
753 779 908 875 episcopii
931 783 984 853 vel
1015 781 1055 851 ab
1089 781 1240 852 omnibns
1265 779 1389 852 clericis
1414 803 1471 855 sen
1495 781 1668 856 homnibus

246 911 347 1006 ipsius
368 909 522 1004 episcopii
545 911 622 980 dare
647 907 769 982 debunt
792 910 846 982 vel
869 909 1051 982 debuerint.
1069 931 1128 1002 per
1144 933 1350 1004 quacumque
1373 917 1468 1002 porta
1490 909 1670 979 introierint

248 1037 282 1108 in
299 1036 429 1110 civitate
446 1046 555 1108 nostra
578 1037 773 1110 salernitana
796 1059 871 1110 sere
895 1036 930 1106 in
953 1035 1104 1106 omnibus
1128 1035 1207 1106 locis
1230 1037 1283 1106 vel
1307 1037 1442 1107 castellis
1456 1037 1558 1106 nostri
1574 1037 1672 1129 prin-

249 1163 374 1258 cipatus
398 1163 567 1258 subgectos
585 1163 632 1260 (8)
650 1187 708 1256 seu
725 1171 757 1235 et
771 1172 878 1235 cetera
901 1163 1012 1233 omnia
1037 1171 1069 1233 et
1085 1161 1119 1232 in
1135 1162 1286 1234 omnibus
1302 1186 1368 1257 que
1385 1187 1403 1230 a
1427 1161 1561 1255 singulis
1575 1160 1672 1254 prin-

251 1291 377 1386 cipibus
394 1299 609 1364 antecessores
624 1299 751 1360 nostros
774 1291 809 1358 in
831 1289 900 1382 ipsa
924 1297 1063 1359 sanctam
1088 1289 1197 1358 sedem
1225 1311 1374 1358 concessa
1397 1289 1540 1360 fuerunt.
1566 1295 1672 1358 totum

249 1419 285 1488 in
310 1417 475 1512 integrum
499 1416 609 1487 omnia
633 1437 698 1508 que
721 1435 818 1505 supra
841 1412 962 1506 legitur
994 1412 1029 1481 in
1053 1413 1219 1506 prefatam,
1234 1422 1376 1484 sanctam
1403 1414 1511 1484 sedem
1535 1435 1672 1485 conoes-

249 1543 360 1617 simus.
384 1547 418 1612 in
443 1568 480 1612 ea
504 1540 654 1613 videlicet
678 1538 847 1610 rationem.
882 1547 919 1608 ut
942 1541 1060 1610 amodo
1096 1553 1128 1612 et
1164 1540 1312 1634 deinceps
1347 1563 1406 1635 per
1438 1540 1502 1611 hoc
1525 1551 1672 1610 nostrum

249 1671 426 1740 roboreum
449 1675 647 1761 preceptum.
672 1664 869 1760 omniaque
893 1662 1041 1755 superius
1075 1661 1195 1757 legitur
1217 1665 1374 1758 prefatam
1398 1675 1540 1736 sanctam
1564 1665 1671 1738 sedem

248 1809 282 1871 et
307 1797 376 1870 eius
399 1794 543 1890 presules
567 1807 598 1865 et
621 1801 762 1866 rectores
785 1791 904 1863 babere
929 1801 962 1863 et
984 1790 1148 1885 possidere
1175 1790 1316 1862 valeatis.
1332 1801 1365 1862 et
1387 1791 1616 1864 inviolaviliter
1642 1801 1675 1863 et

248 1926 355 2006 securi
378 1925 496 1999 exinde
519 1931 741 2018 permaneant.
768 1930 800 1992 et
824 1919 1040 1992 concessimus
1077 1919 1197 1992 iterum
1220 1918 1256 1988 in
1278 1922 1438 2013 prolatam
1461 1931 1603 1992 sanctam
1627 1946 1676 1996 se·

251 2058 326 2128 dem
352 2063 390 2123 ut
414 2052 527 2148 quanti
552 2050 685 2122 censiles
709 2059 783 2120 sunt
805 2049 859 2120 vel
883 2049 1004 2120 suerint
1027 2049 1067 2119 de
1092 2047 1162 2142 ipso
1198 2048 1371 2141 episcopio.
1404 2057 1442 2118 ut
1465 2048 1587 2119 nullam
1611 2072 1676 2120 an-

249 2179 375 2276 gariam
400 2180 574 2275 aliquando
600 2174 842 2247 autdationem
866 2175 1068 2268 inpartibus
1104 2173 1280 2266 reipublice
1314 2173 1431 2246 faciant
1462 2184 1518 2247 aut
1547 2176 1677 2269 persol-

250 2308 332 2377 bant
354 2327 414 2400 per
437 2302 676 2400 qualecumque
698 2300 835 2371 ratione.
870 2308 902 2368 et
926 2321 984 2390 per
1015 2298 1078 2368 boc
1108 2305 1256 2367 nostrum
1284 2296 1460 2368 roboreum
1489 2307 1675 2392 preceptum

209 2515 211 2518 ,
251 2430 516 2524 omnitempore
540 2425 646 2500 securi
670 2436 703 2498 et
725 2425 818 2496 inlesi
842 2423 959 2496 exinde
974 2429 1181 2516 permaneant
1204 2421 1294 2491 omni
1312 2432 1466 2514 tompore.
1490 2434 1522 2495 et
1546 2447 1564 2492 a
1589 2426 1680 2497 nullo

249 2585 294 2632 cx
311 2557 428 2630 nostris
446 2554 606 2627 iudicibus
622 2553 706 2626 idest
729 2549 903 2622 comitibus
931 2547 1106 2620 castaldeis.
1134 2547 1188 2620 vel
1215 2574 1234 2618 a
1260 2547 1521 2644 quibuscumque
1549 2553 1681 2645 agenti..

249 2686 313 2758 bus
337 2688 378 2759 de
401 2685 511 2755 omnia
528 2692 686 2778 quantum
711 2678 860 2773 superius
883 2676 1005 2768 legitur
1029 2674 1145 2747 habeat
1170 2677 1342 2771 aliquando
1365 2680 1521 2770 prefatam
1540 2691 1680 2752 sanctam

257 2813 367 2884 sedem
379 2807 591 2906 requisitione
615 2815 674 2880 aut
690 2802 912 2876 molestatione
930 2802 986 2897 (9).
1003 2801 1058 2872 sed
1074 2801 1182 2870 omnia
1198 2801 1336 2894 qualiter
1353 2801 1530 2896 prelegitur
1547 2803 1681 2874 firmiter

255 3549 327 3610 ordo
351 3551 538 3634 municipalis
550 3595 560 3628 ‚
587 3553 646 3614 boc
671 3572 793 3634 quoque
816 3551 976 3632 diligenter
1003 3551 1167 3614 admodum
1189 3553 1344 3616 excussisse
1368 3551 1451 3614 nobis
1464 3551 1583 3617 videtur
1601 3553 1679 3615 idem

253 3661 379 3748 Trqya,
399 3685 435 3723 ac
458 3663 568 3724 idcirco
587 3662 626 3724 ad
638 3664 725 3726 huius
747 3665 983 3728 lucubrationem
996 3686 1082 3750 supra
1103 3665 1257 3728 laudatam
1270 3667 1411 3728 lectorem
1430 3667 1632 3732 amandemus.

334 3775 380 3857 (8)
401 3777 478 3837 Cum
509 3775 673 3859 Gisulphus
703 3779 770 3837 heic
802 3777 1019 3861 Episcopium‚
1056 3802 1157 3841 ornnes
1188 3779 1311 3842 clericos
1340 3794 1370 3841 et
1398 3782 1529 3842 homines
1556 3783 1610 3864 qui
1638 3780 1676 3840 ad

252 3883 448 3969 Episcopinm
471 3890 570 3970 ipsum
590 3901 776 3970 spectarent,
798 3890 943 3952 immunes
962 3888 1119 3950 declararit
1143 3891 1182 3950 ab
1203 3911 1238 3951 eo
1258 3911 1381 3973 quoque
1394 3894 1569 3972 portatico,
1593 3892 1675 3973 quod

253 4000 286 4057 in
301 3999 378 4058 locis
392 4009 422 4058 et
437 3998 572 4059 castellis
585 3999 723 4083 pensitari
743 4003 911 4072 consuevit,
931 4000 1065 4083 proderit
1079 4000 1311 4062 animadvertere
1331 4000 1558 4083 pensitationem
1571 4003 1677 4064 huius-

252 4106 335 4168 modi
361 4110 513 4186 portatici
531 4107 598 4170 fieri
617 4110 797 4174 consuevisse
817 4131 876 4171 non
896 4111 985 4171 modo
1004 4131 1074 4170 cum
1093 4113 1124 4171 in
1143 4111 1250 4171 urbem
1270 4110 1388 4173 Salerni
1409 4131 1454 4171 res
1474 4133 1526 4173 seu
1545 4133 1675 4186 merces,

254 4219 305 4282 sed
326 4240 395 4280 cum
419 4223 450 4281 in
472 4241 573 4282 omnes
594 4235 684 4284 terras
704 4237 734 4283 et
754 4221 878 4284 castella
898 4224 1085 4306 Principatui
1108 4221 1226 4283 subdita
1247 4225 1486 4305 importarentur.

335 4333 380 4416 (9)
401 4334 547 4396 Formula
571 4335 666 4397 baec:
689 4357 709 4396 a
729 4337 818 4396 nullo
839 4358 878 4397 ex
896 4339 1007 4398 nostris
1022 4337 1187 4399 Iudicidus
1211 4336 1287 4398 idest
1311 4337 1481 4400 Comitibus
1505 4339 1677 4400 Gastaldri's

255 4445 309 4505 nel
320 4465 341 4504 a
356 4445 608 4528 quibuscumque
620 4447 766 4525 gentibus
778 4447 917 4510 Ιιαόεαιίε
930 4447 1075 4528 aliquam
1091 4450 1348 4530 requisitionem:
1370 4451 1401 4510 in
1416 4448 1585 4532 diplomatis
1609 4466 1674 4510 tum

253 4553 512 4634 salernitanorum,
531 4571 596 4618 tum
613 4557 883 4619 beneventanorum
895 4555 1071 4639 Principum
1083 4561 1211 4621 occurrit
1228 4581 1319 4641 quam
1335 4561 1509 4642 saepissime.
1524 4562 1678 4636 Quaenam

250 4662 358 4725 suerint
376 4667 504 4727 inferiori
524 4687 598 4728 aevo
618 4665 769 4726 Comitum
790 4679 821 4728 et
838 4666 1060 4728 Gastaldiorum
1080 4671 1201 4746 munia,
1223 4669 1419 4750 Pellcgrinius
1440 4671 1549 4751 (Hr'srt.
1568 4673 1677 4732 Prirre.

255 4773 457 4853 Langobard.
472 4788 491 4838 t.
509 4781 549 4838 V.
563 4798 641 4857 pag.
662 4780 740 4856 302,
762 4787 791 4838 et
810 4797 894 4859 seqq.
905 4777 935 4861 ),
958 4800 994 4839 ac
1015 4780 1192 4840 Muratorius
1206 4779 1271 4863 (A.
1286 4785 1333 4842 M
1347 4783 1387 4840 A
1392 4787 1429 4841 E.
1444 4779 1595 4841 dissertat.
1609 4781 1651 4842 X.
1665 4781 1676 4863 )

256 4893 384 4955 ubertim
404 4893 625 4955 edisseruerunt.
652 4891 743 4956 Nobis
771 4913 843 4955 vero
869 4891 1026 4954 indubium
1055 4893 1174 4955 videtur
1194 4895 1315 4954 Cornitis
1346 4915 1456 4955 munus
1479 4891 1562 4955 alind
1589 4895 1677 4957 inisse

257 5018 348 5087 atque
369 5001 540 5085 Gastaldii3
571 5025 639 5065 curn
666 5005 745 5066 enim
770 5001 914 5066 Comitem
943 5001 1060 5086 oppidis
1090 5019 1142 5066 aut
1167 5005 1287 5065 urbibus
1313 5005 1503 5088 Langobardi
1528 5007 1677 5090 Principes

1272 5122 1294 5165 a
