4616 6532
654 571 685 629 X

658 735 876 804 maturum
919 735 1119 834 ternpus,
1150 747 1236 836 quo
1263 717 1363 806 illue
1390 736 1536 834 suapte
1572 738 1724 806 natura
1768 719 2076 806 extollerentur.

656 861 769 948 Cum
795 892 920 975 porro
949 864 1177 949 certamina
1203 865 1321 949 binas
1367 865 1477 948 inter
1505 882 1642 978 partes
1684 865 1845 978 saepius
1888 865 2082 950 exorian-

657 1024 760 1111 tur,
790 1010 952 1120 saepius
980 1007 1082 1093 item
1110 1009 1284 1113 evenit,
1315 1025 1362 1092 ut
1392 1036 1417 1092 a
1444 1027 1555 1094 recta
1587 1009 1746 1093 ratione
1781 1027 1959 1120 utraque
1984 1038 2080 1122 pars

656 1148 836 1256 deficiat,
868 1170 1081 1265 certosque
1109 1152 1198 1236 illus
1226 1149 1342 1255 lines,
1374 1179 1478 1263 quos
1497 1150 1610 1234 ultra
1628 1150 1813 1264 citraque
1833 1150 2081 1262 neutiquam

657 1296 873 1380 consistere
901 1326 1002 1381 vera
1029 1314 1232 1409 possunt,
1264 1294 1611 1380 debacchantium
1646 1324 1763 1380 more
1806 1294 2081 1404 transgrediar·

655 1457 739 1521 tur.
771 1437 883 1523 Hinc
910 1437 963 1522 de
992 1467 1078 1524 una
1097 1437 1328 1550 eademque
1347 1467 1393 1522 re
1412 1437 1640 1522 diutissime
1660 1437 1842 1523 invicem
1861 1433 2077 1546 digladiari

654 1579 846 1665 homiues
873 1577 1104 1685 videntur,
1135 1598 1175 1664 et
1203 1579 1272 1664 hic
1299 1579 1471 1692 quidem
1499 1580 1843 1692 perfectissimam
1871 1608 1995 1685 eam,
2030 1609 2078 1664 ac

655 1723 1042 1836 praeclarissimam,
1064 1723 1132 1808 ille
1162 1753 1261 1807 vero
1289 1752 1456 1836 prorsus
1483 1721 1772 1835 imperfectam
1791 1752 1839 1806 ac
1859 1723 2080 1834 ignobilem

655 1865 896 1952 habendam
924 1897 1008 1951 esse
1036 1865 1280 1973 contendit,
1320 1887 1523 1980 tanquam
1568 1869 1655 1980 ipsa
1697 1869 1914 1982 utriusque
1955 1870 2080 1954 simul

656 2025 832 2094 naturae
860 2009 1065 2120 particeps
1093 2025 1237 2092 extare
1265 2008 1404 2121 possit.
1428 2007 1478 2095 Id
1497 2037 1598 2092 vero
1615 2037 1698 2092 non
1719 2009 1885 2093 aliunde
1906 2039 2079 2096 manare

655 2153 934 2258 arbitramur,
965 2153 1125 2239 nisiex
1153 2152 1378 2238 immodico
1406 2151 1593 2265 quodam
1622 2182 1790 2259 amore,
1830 2184 1915 2268 quo
1957 2185 2080 2240 suam

653 2295 829 2408 quisque
857 2296 1139 2407 opinationem
1182 2293 1357 2400 fovere,
1404 2325 1452 2379 ac
1494 2297 1804 2410 propemodum
1846 2299 2076 2384 exosculari

654 2438 855 2544 videtur,
886 2458 928 2524 et
956 2469 1088 2552 usque
1116 2439 1219 2522 adeo
1248 2467 1393 2524 caecus
1420 2441 1588 2550 agitur,
1621 2457 1667 2522 ut
1696 2441 1861 2526 nullum
1898 2442 2078 2556 amplius

656 2583 865 2667 virtutum
907 2611 956 2667 ac
985 2582 1184 2666 vitiorum
1230 2579 1452 2668 discrimen
1494 2581 1720 2666 intueatur.
1766 2586 2075 2671 Verumtamen

577 2751 585 2762 '
655 2724 920 2812 incommodo
948 2727 1084 2831 huic,
1112 2724 1227 2840 quod
1256 2727 1300 2810 in
1328 2757 1377 2812 eo
1406 2725 1733 2840 disputationum
1761 2756 1905 2836 genere
1948 2757 2080 2842 quam

654 2873 890 2984 saepissime
919 2872 1123 2976 occurrit,
1154 2901 1230 2956 nec
1259 2874 1431 2958 omnino
1471 2869 1647 2958 devitari
1689 2890 1857 2984 potest,
1908 2874 2079 2960 obviam

651 3013 712 3096 ire
740 3012 990 3125 plerumque
1017 3013 1119 3096 solet
1148 3013 1373 3125 quisquam
1414 3041 1582 3101 summo
1626 3014 1786 3124 ingenio
1828 3014 2077 3128 praeditus,

653 3155 728 3266 qui
756 3182 840 3238 non
868 3173 1108 3266 temporum
1135 3185 1308 3239 suorum
1335 3157 1613 3269 opinionibus,
1644 3187 1719 3240 nec
1740 3161 1869 3245 animi
1888 3161 1953 3245 sui
1979 3192 2079 3246 cun·

656 3299 956 3404 citationibus,
998 3299 1070 3383 sed
1109 3303 1259 3384 rationi
1302 3301 1594 3386 tantummodo
1636 3303 1928 3418 obtemperans
1971 3307 2078 3394 inter

652 3461 790 3557 partes
818 3442 979 3528 iamdiu
1007 3444 1306 3558 depraeliantes
1348 3445 1477 3532 iudex
1503 3446 1643 3532 sedere
1672 3447 1852 3554 audeat,
1884 3470 1924 3535 et
1952 3453 2078 3538 utris-

653 3614 736 3698 que
764 3587 877 3698 pacis
904 3586 1192 3693 couditiones,
1221 3615 1327 3701 quas
1355 3590 1440 3703 ipse
1469 3588 1614 3692 affert,
1645 3589 1901 3702 amplexari,
1933 3621 1981 3676 ac
1994 3611 2076 3678 sta·

651 3727 734 3812 bile
763 3728 934 3813 tandem
962 3729 1190 3845 aliquando
1218 3729 1363 3816 foedus
1391 3731 1495 3816 inire
1522 3731 1706 3818 suadeat.
1735 3735 1792 3818 At
1826 3763 2075 3848 quanquam

650 3875 735 3961 Res
763 3874 1045 3988 Diplomatica
1071 3875 1377 3962 vicissitudines
1405 3907 1459 3960 ex
1487 3879 1674 3979 amoris,
1704 3908 1834 3987 quem
1863 3908 2076 3966 memora·

649 4019 826 4122 vimus,
857 4017 1105 4128 impotentia
1134 4016 1335 4130 prolectas
1362 4036 1531 4130 experta
1562 4019 1763 4104 hactenus
1790 4018 1931 4127 fuerit,
1964 4052 2071 4108 non-

652 4157 758 4242 dmn
785 4177 927 4244 tamen
955 4159 1034 4243 sibi
1062 4180 1224 4271 praesto
1252 4159 1361 4266 fuit,
1391 4160 1466 4274 qui
1494 4161 1617 4245 tantis
1645 4161 1776 4246 animi
1804 4162 1995 4270 viribus,
2025 4191 2074 4250 ac

648 4321 740 4389 tam
768 4305 993 4416 praestanti
1020 4307 1172 4392 mentis
1199 4305 1394 4392 facultate
1422 4306 1618 4422 polleret,
1648 4326 1697 4392 ut
1724 4309 1957 4421 quamlibet
1984 4313 2072 4422 opi·

648 4447 825 4532 nionum
853 4451 1100 4536 varietatem
1119 4449 1353 4565 dispulerit,
1372 4467 1414 4532 et
1433 4447 1693 4537 decertantes
1713 4454 1912 4566 utrinque
1930 4473 2070 4568 partes

649 4590 823 4676 omniuo
851 4594 1091 4679 conciliarit.
1121 4595 1188 4680 Ex
1216 4625 1302 4709 quo
1343 4597 1459 4684 enirn
1486 4597 1818 4708 congregationis
1846 4600 2070 4687 Mauricae

649 4732 814 4819 duoviri
834 4737 974 4848 ingens
1001 4735 1054 4822 de
1073 4737 1137 4822 Re
1156 4739 1439 4854 Diplomatica
1476 4769 1581 4855 opus
1619 4741 1917 4850 elaborarunt,
1948 4771 2073 4830 nemo

646 4871 820 4985 quidem
867 4879 921 4964 ob
962 4879 1101 4968 oculos
1142 4882 1260 4968 nohis
1305 4884 1575 4992 obversatur,
1619 4885 1695 4999 qui
1737 4885 2073 4973 claudatissima
