4616 6532
682 666 808 724 xxxn

683 813 790 895 rotis
816 826 903 892 erat
925 871 938 910 ,
968 805 1127 916 singula
1145 822 1285 888 nostra
1305 823 1578 889 monumenta
1597 805 1788 892 exhibuit
1808 836 1856 892 eo
1875 822 2123 920 temporum

683 952 829 1038 ordino
858 951 1038 1060 digesta,
1069 979 1155 1062 quo
1175 947 1323 1032 eadem
1342 975 1417 1058 per
1437 966 1496 1030 tot
1514 949 1678 1033 saccula
1696 982 1719 1035 e
1738 949 2117 1056 Cancellariorum,

684 1077 947 1203 aliorumque
976 1088 1253 1176 tabellionum
1282 1089 1443 1174 calamo
1472 1087 1729 1202 prodierunt.
1760 1089 1906 1202 Ipsum
1931 1091 1975 1176 in
1994 1121 2043 1176 ea
2063 1123 2122 1178 ex

681 1233 1093 1345 magnificentissimis
1113 1231 1154 1316 S.
1178 1233 1365 1318 Severini
1385 1231 1581 1340 aedibus,
1621 1264 1730 1347 quae
1769 1233 1847 1318 sibi
1879 1236 2120 1348 mancipata

683 1379 798 1481 suit,
832 1407 944 1461 nunc
973 1406 1117 1462 omncs
1148 1375 1444 1480 demirantur,
1479 1394 1520 1460 et
1547 1375 1650 1459 inibi
1687 1393 1892 1488 tanquam
1934 1379 2120 1487 praecla-

683 1521 895 1603 rissimum
923 1535 1246 1603 monumentum
1280 1514 1537 1602 alacritatem
1568 1543 1616 1598 ac
1633 1517 1872 1622 solertiam,
1896 1545 2001 1630 quas
2021 1548 2119 1602 nea-

683 1663 869 1774 politana
911 1661 1094 1748 Archiva
1138 1659 1218 1742 hoc
1258 1689 1362 1744 aevo
1390 1657 1704 1772 praeseferunt,
1735 1657 1791 1742 ad
1819 1662 2115 1776 sempiternam

682 1806 881 1918 temporis
916 1803 1168 1888 memoriam
1200 1802 1455 1916 propagabit.

795 1945 855 2027 Ut
888 1973 987 2028 vero
1026 1941 1079 2028 de
1118 1961 1260 2028 nostra
1296 1945 1376 2029 bac
1406 1944 1680 2051 collectione,
1718 1950 1837 2034 cuius
1875 1951 2114 2060 originem,

689 2089 976 2174 necessitatem
1019 2115 1067 2169 ac
1106 2087 1465 2198 praeparationem
1506 2087 1706 2174 hactenus
1725 2094 1925 2203 persecuti
1944 2123 2117 2198 sumus,

685 2233 844 2345 aliquid
883 2230 1188 2335 edisseramus,
1224 2230 1445 2316 lectoribus
1484 2233 1526 2316 in
1566 2251 1827 2322 antecessum
1863 2239 2116 2350 patefacien-

687 2374 792 2458 dum
813 2405 896 2458 csse
930 2374 1214 2476 arbitramur,
1237 2373 1506 2458 membranas
1536 2405 1681 2462 omnes
1700 2375 1899 2464 bifariam
1918 2378 2121 2466 distribu-

686 2539 782 2621 tas,
823 2535 864 2602 et
893 2517 1024 2632 priori
1055 2515 1230 2628 quidem
1259 2537 1379 2628 parte
1411 2521 1544 2629 Regni
1577 2523 1706 2608 nostri
1746 2525 2011 2611 incunabulis
2039 2558 2117 2614 ve-

686 2661 905 2760 tustiores,
948 2657 1081 2743 altera
1120 2687 1219 2744 vero
1248 2656 1434 2742 conditas
1472 2662 1605 2746 abiis
1644 2667 1931 2776 temporibus,
1960 2669 2114 2780 quibus

685 2807 904 2889 universae
934 2821 1097 2888 nostrae
1130 2801 1303 2888 ditiones
1337 2805 1379 2888 in
1407 2833 1543 2894 unum
1563 2805 1689 2894 modo
1710 2811 1997 2924 principatum
2015 2844 2116 2899 coa-

685 2944 879 3046 luerunt,
912 2942 966 3026 ad
996 2971 1149 3026 aevum
1179 2971 1332 3054 usque,
1355 2973 1439 3056 quo
1461 2947 1606 3059 Regno
1626 2947 1703 3034 hoc
1731 2954 1886 3064 potitus
1907 2974 1965 3040 est
1985 2959 2112 3044 Caro-

690 3088 793 3170 lusl
827 3085 1138 3195 andegavensis,
1170 3085 1212 3167 in
1244 3084 1382 3168 lucem
1400 3116 1483 3172 esse
1507 3088 1760 3199 proditurus.
1785 3096 1893 3182 Hinc
1921 3129 2116 3210 praesens

685 3250 875 3315 nostrum
894 3258 997 3340 opus
1017 3227 1071 3311 ad
1091 3257 1139 3311 ea
1160 3259 1303 3314 rerum
1320 3250 1557 3320 nostrarum
1576 3253 1766 3349 tempora
1784 3245 1997 3354 spectabit,
2021 3252 2117 3360 qui-

674 3381 764 3482 ‚bus
804 3374 1097 3486 Langobardi,
1148 3378 1398 3464 Nortmanni
1443 3397 1568 3492 atque
1606 3386 1733 3470 Svevi
1776 3387 1869 3473 heic
1910 3390 2116 3480 dominati

687 3533 815 3618 sunt,
848 3532 888 3595 ct
917 3512 1070 3623 quibus
1098 3541 1252 3624 parum
1282 3514 1516 3600 admodum
1544 3519 1647 3603 lucis
1690 3521 1889 3614 hactenus
1929 3527 2114 3618 affusum

686 3689 769 3740 esse
789 3675 1052 3768 perspectum
1072 3657 1267 3742 omnibus
1287 3656 1475 3744 habetur.
1497 3662 1618 3765 Quae
1637 3667 1766 3778 priori
1789 3668 1867 3756 hac
1887 3674 2112 3764 voluminis

685 3798 810 3910 primi
824 3815 942 3910 parte
957 3794 1155 3900 eduntur,
1168 3796 1374 3908 plurimae
1389 3799 1563 3912 quidem
1577 3804 1768 3918 Neapoli,
1785 3814 1996 3924 quaedam
2012 3851 2111 3906 vero

683 3939 946 4042 Beneventi,
979 3937 1171 4038 Caietae,
1207 3939 1431 4044 Surrenti,
1468 3944 1721 4059 Amalphiae
1760 3971 1801 4035 et
1832 3957 1993 4046 Salerni
2014 3993 2110 4048 con.

683 4079 855 4190 scriptae
884 4094 1008 4179 sunt,
1031 4094 1071 4157 et
1111 4075 1245 4160 maior
1267 4077 1453 4187 ipsarum
1476 4111 1675 4173 numerus
1700 4091 1754 4178 ad
1782 4101 2109 4188 vetustissimmn

683 4227 723 4310 S.
757 4217 983 4305 Sebastiani
1015 4218 1200 4302 coenobii
1233 4219 1489 4308 tabularium
1522 4230 1738 4340 quondam
1776 4243 1989 4350 spectavit.
2031 4245 2130 4348 lis-⁴

683 4367 782 4450 dem
815 4363 941 4450 modo
973 4361 1232 4468 donationes,
1266 4364 1392 4450 modo
1419 4371 1699 4484 venditiones,
1730 4383 1856 4469 modo
1876 4415 2110 4480 commuta-

684 4515 815 4596 tiones
853 4509 1110 4616 consignatae
1151 4533 1387 4595 occurrunt.
1430 4514 1622 4604 Primum
1660 4529 1852 4614 omnium
1889 4563 1975 4620 sese
2014 4569 2110 4651 pro-

683 4655 744 4737 dit
773 4651 1048 4766 antiquissimi
1075 4649 1290 4736 cuiusdam
1321 4654 1595 4746 beneventani
1638 4667 1901 4762 instrumenti
1944 4687 2108 4772 saeculo

681 4799 790 4884 VIII
819 4794 973 4880 conditi
1002 4793 1278 4906 exemplum,
1322 4798 1437 4910 quod
1465 4805 1530 4890 IX
1560 4836 1607 4891 ac
1650 4811 1695 4895 X
1737 4821 1889 4906 saeculi
1916 4823 2110 4943 deinceps

682 4942 952 5030 membranae
980 4958 1278 5025 consectantur.
1316 4941 1442 5054 AEgre
1471 4951 1653 5061 prolecto
1674 4960 1846 5050 tulimus
1865 4971 1980 5083 quod
2001 4993 2107 5062 tem-
