4616 6532
1500 677 1642 744 XXXIX

220 828 336 944 apud
362 857 437 916 nos
465 827 597 916 excoli
623 825 952 946 Palaeographia
979 853 1028 914 ac
1054 787 1138 915 lies
1170 826 1489 943 Diplomatioa3
1533 862 1642 950 quae

219 993 294 1051 nos
330 965 385 1050 ad
425 983 686 1080 praesentem
719 966 1000 1052 collectionem
1038 965 1316 1080 impulerint;
1356 985 1397 1054 et
1433 985 1641 1084 postremo

218 1139 304 1224 qua
340 1115 499 1198 ratione
527 1114 616 1225 ipsa
653 1109 777 1196 fuerit
822 1107 1027 1196 inchoata.
1068 1110 1236 1196 Alicubi
1278 1107 1450 1198 fortasse
1478 1113 1638 1220 latius,

219 1284 351 1369 quam
380 1286 445 1342 res
473 1255 736 1369 postulabat,
766 1273 954 1340 nostrum
981 1254 1061 1343 hoc
1088 1255 1379 1370 anteloquium
1407 1261 1640 1345 excurrisse

217 1399 472 1513 quibusdam
517 1397 743 1484 videbitur.
793 1395 963 1484 Verum
1008 1396 1229 1510 prolixiori
1275 1428 1465 1486 sermone
1512 1429 1641 1515 quae-

217 1537 317 1626 dam
366 1538 624 1652 expedienda
672 1537 951 1625 iudicavimus
998 1569 1082 1625 non
1131 1570 1180 1628 ea
1231 1539 1406 1653 quidem
1458 1560 1634 1647 mente,

219 1707 266 1772 ut
305 1685 358 1770 de
386 1703 525 1770 nostra
566 1682 646 1768 hac
686 1682 925 1769 collectione
962 1682 1131 1796 gloriari
1159 1685 1438 1793 videremur,
1486 1685 1560 1772 sed
1591 1707 1640 1773 ut

217 1830 457 1916 concivium
500 1843 736 1914 nostrorum
778 1827 940 1937 ingenia
982 1825 1038 1911 ad
1066 1825 1280 1913 historicas
1322 1857 1386 1914 res
1428 1830 1641 1943 expolien-

217 1973 292 2058 das
319 2002 368 2057 ac
396 1968 658 2057 illustrandas
686 1969 971 2056 vehementius
999 1970 1292 2058 excitaremus.
1339 1973 1514 2058 Utinam
1539 2005 1641 2062 vero

218 2145 271 2200 ox
299 2115 381 2200 hac
408 2132 547 2201 nostra
574 2113 759 2197 oratioue
797 2114 1146 2223 praestantissimo
1185 2115 1248 2201 illi
1280 2114 1522 2202 studiorum
1570 2149 1640 2230 ge-

217 2261 307 2345 neri
336 2256 613 2371 colophonem
640 2255 794 2342 addere
831 2273 947 2342 tanta
981 2255 1080 2341 dein
1118 2256 1334 2342 alacritate
1363 2287 1506 2344 omnes
1532 2279 1640 2346 sata-

216 2423 345 2512 gant,
388 2421 438 2486 ut
465 2403 511 2486 in
538 2402 673 2486 lucem
716 2401 893 2487 demum
935 2399 1048 2514 apud
1077 2428 1151 2484 nos
1192 2398 1396 2513 prodeant
1424 2402 1641 2489 absolutis·

215 2545 344 2629 sirnae
372 2541 682 2628 lucubrationes
714 2541 971 2647 historicae,
1021 2561 1115 2626 tum
1162 2570 1272 2655 quae
1307 2545 1362 2630 ad
1391 2547 1639 2632 universum
1727 2598 1731 2603 ·

214 2684 295 2774 hoc
309 2687 504 2797 Regnum
532 2688 761 2797 generatim
788 2704 1004 2801 spectent,
1036 2704 1125 2770 tum
1157 2694 1266 2798 quae
1286 2689 1545 2799 singularum
1565 2720 1639 2775 ur-

215 2825 370 2930 bium,
408 2855 456 2912 ac
483 2827 847 2941 municipiorum,
888 2826 1042 2939 quibus
1085 2828 1280 2936 Regnum
1307 2829 1446 2940 ipsum
1482 2828 1639 2916 confla·

215 2987 285 3056 tur
306 3030 319 3071 ,
349 2969 574 3056 memorias
601 2968 658 3053 ad
676 2965 838 3054 dissitae
852 2968 1099 3079 posteritatis
1118 2965 1425 3054 documentum
1440 2969 1637 3086 prodant.

215 3115 313 3219 Qua
341 3113 518 3230 quidem
559 3117 603 3198 in
630 3141 676 3198 re
704 3113 739 3198 si
767 3111 875 3198 forte
917 3113 1164 3221 contingat,
1207 3131 1255 3196 ut
1296 3113 1383 3199 voti
1425 3131 1636 3227 compotes

214 3258 478 3361 evadamus,
509 3283 582 3339 nos
611 3257 686 3368 qui
715 3253 789 3340 diu
817 3253 1086 3364 multumque
1115 3253 1354 3341 inchoando
1381 3251 1482 3340 huic
1520 3255 1638 3368 operi
1743 3303 1747 3312 ·

212 3401 538 3505 insudavimus,
569 3419 608 3487 et
636 3430 712 3512 per
738 3398 1000 3511 antiquitatis
1027 3414 1158 3508 syrtes
1185 3426 1270 3483 non
1312 3399 1400 3482 sine
1428 3393 1636 3508 naufragii

212 3563 329 3631 metu
371 3543 646 3659 longinquum
675 3571 772 3630 saue
799 3545 879 3628 iter
907 3540 1073 3647 ingressi
1102 3568 1268 3643 sumus,
1300 3541 1541 3625 maximum
1576 3540 1637 3626 la-

211 3693 365 3779 borum
392 3721 441 3776 ac
470 3691 708 3802 vigiliarum
735 3707 974 3775 nostrarum
1002 3688 1243 3802 praemium
1276 3687 1483 3771 consecuti
1516 3687 1635 3772 nobis

212 3837 472 3940 videbimur,
503 3855 544 3920 et
582 3831 756 3945 perinde
783 3859 832 3914 ac
848 3827 1088 3939 siquodam
1107 3825 1253 3913 donati
1276 3855 1454 3912 essemus
1482 3829 1636 3912 trium-

212 3981 332 4094 pho,
363 4004 530 4062 summa
557 3977 772 4087 voluptate
797 4001 846 4058 ac
874 3971 1032 4058 laetitia
1058 3969 1296 4080 gestiemus.

324 4119 486 4205 Verum
515 4117 788 4204 haecomnia
817 4143 902 4199 non
930 4113 1058 4223 magis
1079 4130 1256 4223 accepta
1267 4107 1481 4195 referenda
1508 4129 1632 4196 erunt

211 4263 361 4349 nostris
403 4259 596 4362 viribus,
643 4285 827 4370 quarum
870 4251 1157 4339 infirmitatem
1205 4279 1328 4335 nemo
1373 4251 1632 4366 exploratius

211 4399 515 4514 nobismetipsis
542 4398 695 4500 novit,
737 4422 870 4508 quam
910 4393 1146 4507 patrocinio
1192 4421 1241 4478 ac
1287 4389 1631 4500 magnanimitati

210 4545 419 4658 Principis
446 4537 755 4653 augustissimi,
784 4537 861 4648 qui
889 4555 1028 4622 nostro
1056 4530 1135 4618 hoc
1164 4560 1268 4618 aevo
1305 4535 1527 4646 utriusque
1567 4534 1629 4616 Si-

210 4689 327 4775 ciliae
355 4685 539 4770 habenas
570 4677 845 4780 moderatur,
876 4695 918 4760 et
946 4672 1144 4786 singulari
1170 4699 1245 4756 suo
1274 4671 1318 4754 in
1348 4673 1549 4784 populos,
1579 4701 1629 4756 ac

210 4829 466 4947 populorum
493 4829 537 4911 iu
565 4827 705 4940 ipsum
734 4846 876 4905 amore
902 4817 1076 4929 gloriam
1102 4813 1180 4902 sibi
1214 4815 1324 4924 parit
1366 4813 1483 4900 nulla
1521 4831 1629 4900 tem·

211 4977 326 5092 poris
354 4973 630 5060 diuturnitate
658 4973 939 5058 interituram.
