<?xml version="1.0" encoding="UTF-8"?>
<!DOCTYPE html PUBLIC "-//W3C//DTD XHTML 1.0 Transitional//EN"
    "http://www.w3.org/TR/xhtml1/DTD/xhtml1-transitional.dtd">
<html xmlns="http://www.w3.org/1999/xhtml" xml:lang="en" lang="en">
 <head>
  <title>
</title>
<meta http-equiv="Content-Type" content="text/html;charset=utf-8" />
  <meta name='ocr-system' content='tesseract 3.04.00' />
  <meta name='ocr-capabilities' content='ocr_page ocr_carea ocr_par ocr_line ocrx_word'/>
</head>
<body>
  <div class='ocr_page' id='page_1' title='image "./monumentaeditaa01napogoog_0084.png"; bbox 0 0 4658 6508; ppageno 0'>
   <div class='ocr_carea' id='block_1_1' title="bbox 1304 511 1427 869">
    <p class='ocr_par' dir='ltr' id='par_1_1' title="bbox 1304 511 1427 869">
     <span class='ocr_line' id='line_1_1' title="bbox 1304 511 1427 602; baseline 0 0"><span class='ocrx_word' id='word_1_1' title='bbox 1304 511 1314 602; x_wconf 81' lang='lat' dir='ltr'><strong>t</strong></span> <span class='ocrx_word' id='word_1_2' title='bbox 1342 520 1384 578; x_wconf 68' lang='lat'><strong>28</strong></span> <span class='ocrx_word' id='word_1_3' title='bbox 1412 514 1427 602; x_wconf 92' lang='lat'><em>)</em></span> 
     </span>
     <span class='ocr_line' id='line_1_2' title="bbox 1339 800 1409 869; baseline 0.043 -3"><span class='ocrx_word' id='word_1_4' title='bbox 1339 800 1409 869; x_wconf 88' lang='lat' dir='ltr'><strong>vu.</strong></span> 
     </span>
    </p>
   </div>
   <div class='ocr_carea' id='block_1_2' title="bbox 517 1039 2083 1266">
    <p class='ocr_par' dir='ltr' id='par_1_2' title="bbox 517 1039 2083 1266">
     <span class='ocr_line' id='line_1_3' title="bbox 530 1039 2083 1134; baseline -0.003 -20"><span class='ocrx_word' id='word_1_5' title='bbox 530 1057 581 1100; x_wconf 77' lang='lat'>³¹¹·</span> <span class='ocrx_word' id='word_1_6' title='bbox 745 1049 781 1116; x_wconf 91' lang='lat' dir='ltr'><strong>ln</strong></span> <span class='ocrx_word' id='word_1_7' title='bbox 806 1047 938 1117; x_wconf 89' lang='lat' dir='ltr'><strong>nomine</strong></span> <span class='ocrx_word' id='word_1_8' title='bbox 963 1045 1091 1116; x_wconf 91' lang='lat' dir='ltr'><strong>domini.</strong></span> <span class='ocrx_word' id='word_1_9' title='bbox 1113 1067 1198 1113; x_wconf 87' lang='lat' dir='ltr'><strong>anno</strong></span> <span class='ocrx_word' id='word_1_10' title='bbox 1223 1043 1339 1112; x_wconf 90' lang='lat' dir='ltr'><strong>octabu</strong></span> <span class='ocrx_word' id='word_1_11' title='bbox 1364 1041 1494 1134; x_wconf 87' lang='lat' dir='ltr'><strong>imperii</strong></span> <span class='ocrx_word' id='word_1_12' title='bbox 1511 1041 1635 1111; x_wconf 88' lang='lat' dir='ltr'><strong>domini</strong></span> <span class='ocrx_word' id='word_1_13' title='bbox 1659 1041 1761 1110; x_wconf 79' lang='lat' dir='ltr'>nostri</span> <span class='ocrx_word' id='word_1_14' title='bbox 1776 1039 1984 1110; x_wconf 81' lang='lat' dir='ltr'><strong>Constantini.</strong></span> <span class='ocrx_word' id='word_1_15' title='bbox 2006 1063 2083 1109; x_wconf 90' lang='lat' dir='ltr'><strong>ma-</strong></span> 
     </span>
     <span class='ocr_line' id='line_1_4' title="bbox 517 1165 2083 1266; baseline -0.005 -25"><span class='ocrx_word' id='word_1_16' title='bbox 517 1171 599 1227; x_wconf 68' lang='lat'><strong>9²20.</strong></span> <span class='ocrx_word' id='word_1_17' title='bbox 662 1173 718 1266; x_wconf 82' lang='lat' dir='ltr'><strong>gni</strong></span> <span class='ocrx_word' id='word_1_18' title='bbox 741 1172 961 1266; x_wconf 89' lang='lat' dir='ltr'><strong>Imperatoris.</strong></span> <span class='ocrx_word' id='word_1_19' title='bbox 1009 1181 1041 1241; x_wconf 91' lang='lat' dir='ltr'><strong>et</strong></span> <span class='ocrx_word' id='word_1_20' title='bbox 1064 1171 1183 1264; x_wconf 90' lang='lat' dir='ltr'><strong>quinto</strong></span> <span class='ocrx_word' id='word_1_21' title='bbox 1215 1192 1300 1240; x_wconf 89' lang='lat' dir='ltr'><strong>anno</strong></span> <span class='ocrx_word' id='word_1_22' title='bbox 1330 1167 1455 1239; x_wconf 90' lang='lat' dir='ltr'><strong>domini</strong></span> <span class='ocrx_word' id='word_1_23' title='bbox 1494 1166 1653 1237; x_wconf 83' lang='lat' dir='ltr'><strong>Landolli.</strong></span> <span class='ocrx_word' id='word_1_24' title='bbox 1684 1165 1832 1258; x_wconf 89' lang='lat' dir='ltr'><strong>Antipati</strong></span> <span class='ocrx_word' id='word_1_25' title='bbox 1864 1166 2003 1257; x_wconf 89' lang='lat' dir='ltr'><strong>patricii.</strong></span> <span class='ocrx_word' id='word_1_26' title='bbox 2050 1177 2083 1234; x_wconf 87' lang='lat' dir='ltr'><strong>et</strong></span> 
     </span>
    </p>
   </div>
   <div class='ocr_carea' id='block_1_3' title="bbox 658 1293 2082 1396">
    <p class='ocr_par' dir='ltr' id='par_1_3' title="bbox 658 1293 2082 1396">
     <span class='ocr_line' id='line_1_5' title="bbox 658 1293 2082 1396; baseline -0.006 -28"><span class='ocrx_word' id='word_1_27' title='bbox 658 1298 810 1396; x_wconf 82' lang='lat' dir='ltr'><strong>principi.</strong></span> <span class='ocrx_word' id='word_1_28' title='bbox 843 1296 891 1392; x_wconf 82' lang='grc' dir='ltr'><strong>(ι)</strong></span> <span class='ocrx_word' id='word_1_29' title='bbox 916 1309 949 1368; x_wconf 92' lang='lat' dir='ltr'><strong>et</strong></span> <span class='ocrx_word' id='word_1_30' title='bbox 973 1297 1095 1368; x_wconf 92' lang='lat' dir='ltr'><strong>domini</strong></span> <span class='ocrx_word' id='word_1_31' title='bbox 1119 1296 1248 1368; x_wconf 84' lang='lat' dir='ltr'><strong>atenolfi</strong></span> <span class='ocrx_word' id='word_1_32' title='bbox 1264 1294 1403 1389; x_wconf 89' lang='lat' dir='ltr'><strong>patricii.</strong></span> <span class='ocrx_word' id='word_1_33' title='bbox 1423 1304 1456 1366; x_wconf 88' lang='lat' dir='ltr'><strong>et</strong></span> <span class='ocrx_word' id='word_1_34' title='bbox 1480 1293 1636 1388; x_wconf 84' lang='lat' dir='ltr'><strong>principi.</strong></span> <span class='ocrx_word' id='word_1_35' title='bbox 1665 1315 1774 1363; x_wconf 88' lang='lat' dir='ltr'><strong>mense</strong></span> <span class='ocrx_word' id='word_1_36' title='bbox 1806 1293 1970 1362; x_wconf 80' lang='lat' dir='ltr'><strong>octubrio.</strong></span> <span class='ocrx_word' id='word_1_37' title='bbox 1998 1315 2082 1360; x_wconf 85' lang='lat' dir='ltr'><strong>nona</strong></span> 
     </span>
    </p>
   </div>
   <div class='ocr_carea' id='block_1_4' title="bbox 658 1731 2090 2481">
    <p class='ocr_par' dir='ltr' id='par_1_4' title="bbox 658 1731 2090 2481">
     <span class='ocr_line' id='line_1_6' title="bbox 737 1731 2079 1816; baseline 0.001 -24"><span class='ocrx_word' id='word_1_38' title='bbox 737 1733 781 1816; x_wconf 91' lang='lat'><strong>(1)</strong></span> <span class='ocrx_word' id='word_1_39' title='bbox 801 1733 968 1812; x_wconf 54' lang='lat' dir='ltr'><strong>Arippati</strong></span> <span class='ocrx_word' id='word_1_40' title='bbox 984 1747 1014 1793; x_wconf 89' lang='lat' dir='ltr'><strong>et</strong></span> <span class='ocrx_word' id='word_1_41' title='bbox 1035 1732 1172 1792; x_wconf 79' lang='lat' dir='ltr'><strong>Potricii</strong></span> <span class='ocrx_word' id='word_1_42' title='bbox 1191 1731 1297 1790; x_wconf 90' lang='lat' dir='ltr'><strong>titulos</strong></span> <span class='ocrx_word' id='word_1_43' title='bbox 1319 1745 1385 1792; x_wconf 90' lang='lat' dir='ltr'><strong>turn</strong></span> <span class='ocrx_word' id='word_1_44' title='bbox 1408 1734 1527 1794; x_wconf 88' lang='lat' dir='ltr'><strong>civibus</strong></span> <span class='ocrx_word' id='word_1_45' title='bbox 1552 1735 1843 1816; x_wconf 86' lang='lat' dir='ltr'><strong>praestantioribus,</strong></span> <span class='ocrx_word' id='word_1_46' title='bbox 1875 1749 1939 1795; x_wconf 91' lang='lat' dir='ltr'><strong>turn</strong></span> <span class='ocrx_word' id='word_1_47' title='bbox 1961 1747 2079 1794; x_wconf 77' lang='lat' dir='ltr'><strong>extera-</strong></span> 
     </span>
     <span class='ocr_line' id='line_1_7' title="bbox 658 1840 2087 1926; baseline 0.002 -27"><span class='ocrx_word' id='word_1_48' title='bbox 658 1863 728 1902; x_wconf 89' lang='lat' dir='ltr'><strong>rum</strong></span> <span class='ocrx_word' id='word_1_49' title='bbox 748 1842 883 1922; x_wconf 83' lang='lat' dir='ltr'><strong>gentium</strong></span> <span class='ocrx_word' id='word_1_50' title='bbox 903 1843 1044 1924; x_wconf 84' lang='lat' dir='ltr'><strong>regibus,</strong></span> <span class='ocrx_word' id='word_1_51' title='bbox 1079 1853 1109 1902; x_wconf 88' lang='lat' dir='ltr'><strong>et</strong></span> <span class='ocrx_word' id='word_1_52' title='bbox 1139 1840 1263 1902; x_wconf 89' lang='lat' dir='ltr'><strong>urbium</strong></span> <span class='ocrx_word' id='word_1_53' title='bbox 1291 1842 1487 1918; x_wconf 91' lang='lat' dir='ltr'><strong>rectoribus,</strong></span> <span class='ocrx_word' id='word_1_54' title='bbox 1512 1844 1611 1923; x_wconf 80' lang='lat' dir='ltr'><strong>graeci</strong></span> <span class='ocrx_word' id='word_1_55' title='bbox 1641 1845 1834 1926; x_wconf 86' lang='lat' dir='ltr'><strong>imperatores</strong></span> <span class='ocrx_word' id='word_1_56' title='bbox 1865 1842 1988 1925; x_wconf 83' lang='lat' dir='ltr'><strong>elargiri</strong></span> <span class='ocrx_word' id='word_1_57' title='bbox 2008 1863 2087 1902; x_wconf 90' lang='lat' dir='ltr'><strong>eon-</strong></span> 
     </span>
     <span class='ocr_line' id='line_1_8' title="bbox 658 1949 2080 2034; baseline 0 -24"><span class='ocrx_word' id='word_1_58' title='bbox 658 1963 846 2024; x_wconf 89' lang='lat' dir='ltr'><strong>sueverunt,</strong></span> <span class='ocrx_word' id='word_1_59' title='bbox 868 1964 903 2010; x_wconf 90' lang='lat' dir='ltr'><strong>ut</strong></span> <span class='ocrx_word' id='word_1_60' title='bbox 923 1971 972 2012; x_wconf 89' lang='lat' dir='ltr'><strong>eos</strong></span> <span class='ocrx_word' id='word_1_61' title='bbox 991 1964 1045 2011; x_wconf 87' lang='lat' dir='ltr'><strong>aut</strong></span> <span class='ocrx_word' id='word_1_62' title='bbox 1058 1949 1168 2010; x_wconf 86' lang='lat' dir='ltr'><strong>maiori</strong></span> <span class='ocrx_word' id='word_1_63' title='bbox 1183 1951 1378 2011; x_wconf 86' lang='lat' dir='ltr'><strong>observantia</strong></span> <span class='ocrx_word' id='word_1_64' title='bbox 1400 1950 1456 2010; x_wconf 87' lang='lat' dir='ltr'><strong>sibi</strong></span> <span class='ocrx_word' id='word_1_65' title='bbox 1471 1952 1664 2014; x_wconf 88' lang='lat' dir='ltr'><strong>devincirent</strong></span> <span class='ocrx_word' id='word_1_66' title='bbox 1678 1997 1688 2027; x_wconf 95' lang='lat'><strong>,</strong></span> <span class='ocrx_word' id='word_1_67' title='bbox 1711 1967 1762 2012; x_wconf 90' lang='lat' dir='ltr'><strong>aut</strong></span> <span class='ocrx_word' id='word_1_68' title='bbox 1776 1951 1814 2012; x_wconf 92' lang='lat' dir='ltr'><strong>de</strong></span> <span class='ocrx_word' id='word_1_69' title='bbox 1828 1972 1933 2034; x_wconf 82' lang='lat' dir='ltr'><strong>graeco</strong></span> <span class='ocrx_word' id='word_1_70' title='bbox 1948 1952 2080 2033; x_wconf 87' lang='lat' dir='ltr'><strong>Imperio</strong></span> 
     </span>
     <span class='ocr_line' id='line_1_9' title="bbox 659 2058 2089 2142; baseline 0.001 -23"><span class='ocrx_word' id='word_1_71' title='bbox 659 2063 882 2120; x_wconf 88' lang='lat' dir='ltr'><strong>benemerentes</strong></span> <span class='ocrx_word' id='word_1_72' title='bbox 915 2059 1082 2118; x_wconf 88' lang='lat' dir='ltr'><strong>honoribus</strong></span> <span class='ocrx_word' id='word_1_73' title='bbox 1113 2074 1355 2120; x_wconf 83' lang='lat' dir='ltr'><strong>muneraremur.</strong></span> <span class='ocrx_word' id='word_1_74' title='bbox 1385 2058 1502 2121; x_wconf 90' lang='lat' dir='ltr'><strong>Idcirco</strong></span> <span class='ocrx_word' id='word_1_75' title='bbox 1534 2060 1681 2142; x_wconf 85' lang='lat' dir='ltr'><strong>quosdam</strong></span> <span class='ocrx_word' id='word_1_76' title='bbox 1710 2081 1770 2121; x_wconf 92' lang='lat' dir='ltr'><strong>non</strong></span> <span class='ocrx_word' id='word_1_77' title='bbox 1801 2059 1898 2121; x_wconf 88' lang='lat' dir='ltr'><strong>solum</strong></span> <span class='ocrx_word' id='word_1_78' title='bbox 1928 2081 1944 2120; x_wconf 88' lang='lat' dir='ltr'><strong>e</strong></span> <span class='ocrx_word' id='word_1_79' title='bbox 1975 2080 2089 2142; x_wconf 81' lang='lat' dir='ltr'><strong>neapo-</strong></span> 
     </span>
     <span class='ocr_line' id='line_1_10' title="bbox 660 2171 2089 2256; baseline 0.003 -26"><span class='ocrx_word' id='word_1_80' title='bbox 660 2173 764 2232; x_wconf 85' lang='lat' dir='ltr'><strong>litanis</strong></span> <span class='ocrx_word' id='word_1_81' title='bbox 795 2173 1003 2254; x_wconf 84' lang='lat' dir='ltr'><strong>caietanisque</strong></span> <span class='ocrx_word' id='word_1_82' title='bbox 1036 2171 1195 2248; x_wconf 90' lang='lat' dir='ltr'><strong>ducibus,</strong></span> <span class='ocrx_word' id='word_1_83' title='bbox 1232 2191 1341 2235; x_wconf 86' lang='lat' dir='ltr'><strong>verum</strong></span> <span class='ocrx_word' id='word_1_84' title='bbox 1366 2174 1458 2232; x_wconf 86' lang='lat' dir='ltr'><strong>etiam</strong></span> <span class='ocrx_word' id='word_1_85' title='bbox 1488 2197 1504 2236; x_wconf 88' lang='lat' dir='ltr'><strong>e</strong></span> <span class='ocrx_word' id='word_1_86' title='bbox 1534 2172 1728 2254; x_wconf 82' lang='lat' dir='ltr'><strong>langobardis</strong></span> <span class='ocrx_word' id='word_1_87' title='bbox 1756 2172 1949 2256; x_wconf 87' lang='lat' dir='ltr'><strong>principibus</strong></span> <span class='ocrx_word' id='word_1_88' title='bbox 1981 2196 2016 2236; x_wconf 90' lang='lat' dir='ltr'><strong>eo</strong></span> <span class='ocrx_word' id='word_1_89' title='bbox 2047 2177 2089 2236; x_wconf 93' lang='lat' dir='ltr'><strong>ti-</strong></span> 
     </span>
     <span class='ocr_line' id='line_1_11' title="bbox 660 2283 2088 2370; baseline 0.002 -27"><span class='ocrx_word' id='word_1_90' title='bbox 660 2285 798 2345; x_wconf 87' lang='lat' dir='ltr'><strong>tulorum</strong></span> <span class='ocrx_word' id='word_1_91' title='bbox 819 2304 928 2364; x_wconf 80' lang='lat' dir='ltr'><strong>genere</strong></span> <span class='ocrx_word' id='word_1_92' title='bbox 954 2283 1169 2346; x_wconf 86' lang='lat' dir='ltr'><strong>condecoratas</strong></span> <span class='ocrx_word' id='word_1_93' title='bbox 1199 2284 1481 2366; x_wconf 83' lang='lat' dir='ltr'><strong>deprehendimus,</strong></span> <span class='ocrx_word' id='word_1_94' title='bbox 1513 2288 1557 2346; x_wconf 91' lang='lat' dir='ltr'><strong>uti</strong></span> <span class='ocrx_word' id='word_1_95' title='bbox 1579 2289 1612 2345; x_wconf 92' lang='lat' dir='ltr'><strong>in</strong></span> <span class='ocrx_word' id='word_1_96' title='bbox 1634 2289 1784 2370; x_wconf 83' lang='lat' dir='ltr'><strong>praesenti</strong></span> <span class='ocrx_word' id='word_1_97' title='bbox 1807 2288 2008 2363; x_wconf 85' lang='lat' dir='ltr'><strong>membrana,</strong></span> <span class='ocrx_word' id='word_1_98' title='bbox 2027 2310 2088 2370; x_wconf 83' lang='lat' dir='ltr'><strong>qua</strong></span> 
     </span>
     <span class='ocr_line' id='line_1_12' title="bbox 661 2396 2090 2481; baseline 0.006 -28"><span class='ocrx_word' id='word_1_99' title='bbox 661 2396 867 2478; x_wconf 87' lang='lat' dir='ltr'><strong>Landnlphus</strong></span> <span class='ocrx_word' id='word_1_100' title='bbox 888 2410 919 2456; x_wconf 88' lang='lat' dir='ltr'><strong>et</strong></span> <span class='ocrx_word' id='word_1_101' title='bbox 940 2396 1132 2478; x_wconf 82' lang='lat' dir='ltr'><strong>Atenulpbus</strong></span> <span class='ocrx_word' id='word_1_102' title='bbox 1159 2399 1362 2460; x_wconf 85' lang='lat' dir='ltr'><strong>beneventani</strong></span> <span class='ocrx_word' id='word_1_103' title='bbox 1383 2399 1536 2481; x_wconf 86' lang='lat' dir='ltr'><strong>principes</strong></span> <span class='ocrx_word' id='word_1_104' title='bbox 1566 2403 1729 2478; x_wconf 81' lang='lat' dir='ltr'><strong>Antypnti</strong></span> <span class='ocrx_word' id='word_1_105' title='bbox 1760 2415 1790 2461; x_wconf 90' lang='lat' dir='ltr'><strong>et</strong></span> <span class='ocrx_word' id='word_1_106' title='bbox 1810 2403 1950 2461; x_wconf 84' lang='lat' dir='ltr'><strong>Patricii</strong></span> <span class='ocrx_word' id='word_1_107' title='bbox 1969 2422 2090 2464; x_wconf 89' lang='lat' dir='ltr'><strong>nuncu-</strong></span> 
     </span>
    </p>
   </div>
   <div class='ocr_carea' id='block_1_5' title="bbox 660 2507 2090 2702">
    <p class='ocr_par' dir='ltr' id='par_1_5' title="bbox 660 2507 2090 2702">
     <span class='ocr_line' id='line_1_13' title="bbox 662 2507 2090 2593; baseline 0.006 -29"><span class='ocrx_word' id='word_1_108' title='bbox 662 2521 785 2586; x_wconf 90' lang='lat' dir='ltr'><strong>pantur.</strong></span> <span class='ocrx_word' id='word_1_109' title='bbox 811 2508 926 2567; x_wconf 80' lang='lat' dir='ltr'><strong>Vocem</strong></span> <span class='ocrx_word' id='word_1_110' title='bbox 956 2523 1057 2568; x_wconf 90' lang='lat' dir='ltr'><strong>autem</strong></span> <span class='ocrx_word' id='word_1_111' title='bbox 1079 2511 1285 2586; x_wconf 80' lang='lat' dir='ltr'><strong>Antypatum</strong></span> <span class='ocrx_word' id='word_1_112' title='bbox 1315 2509 1397 2590; x_wconf 87' lang='lat' dir='ltr'><strong>apud</strong></span> <span class='ocrx_word' id='word_1_113' title='bbox 1429 2528 1549 2588; x_wconf 85' lang='lat' dir='ltr'><strong>graecos</strong></span> <span class='ocrx_word' id='word_1_114' title='bbox 1575 2507 1726 2570; x_wconf 83' lang='lat' dir='ltr'><strong>inferioris</strong></span> <span class='ocrx_word' id='word_1_115' title='bbox 1757 2512 1825 2573; x_wconf 86' lang='lat' dir='ltr'><strong>aevi</strong></span> <span class='ocrx_word' id='word_1_116' title='bbox 1846 2513 2005 2593; x_wconf 84' lang='lat' dir='ltr'><strong>scriptores</strong></span> <span class='ocrx_word' id='word_1_117' title='bbox 2025 2535 2090 2572; x_wconf 86' lang='lat' dir='ltr'><strong>ma-</strong></span> 
     </span>
     <span class='ocr_line' id='line_1_14' title="bbox 660 2615 2090 2702; baseline 0.001 -28"><span class='ocrx_word' id='word_1_118' title='bbox 660 2617 819 2696; x_wconf 82' lang='lat' dir='ltr'><strong>gistratum</strong></span> <span class='ocrx_word' id='word_1_119' title='bbox 839 2615 932 2675; x_wconf 89' lang='lat' dir='ltr'><strong>illum</strong></span> <span class='ocrx_word' id='word_1_120' title='bbox 951 2616 1158 2697; x_wconf 85' lang='lat' dir='ltr'><strong>significasse,</strong></span> <span class='ocrx_word' id='word_1_121' title='bbox 1181 2637 1274 2698; x_wconf 87' lang='lat' dir='ltr'><strong>quent</strong></span> <span class='ocrx_word' id='word_1_122' title='bbox 1296 2618 1399 2677; x_wconf 87' lang='lat' dir='ltr'><strong>Latini</strong></span> <span class='ocrx_word' id='word_1_123' title='bbox 1422 2619 1646 2677; x_wconf 80' lang='lat' dir='ltr'><strong>Proconsulem</strong></span> <span class='ocrx_word' id='word_1_124' title='bbox 1672 2617 1839 2692; x_wconf 81' lang='lat' dir='ltr'><strong>dixerunt,</strong></span> <span class='ocrx_word' id='word_1_125' title='bbox 1865 2623 2018 2702; x_wconf 83' lang='lat' dir='ltr'><strong>ipsamque</strong></span> <span class='ocrx_word' id='word_1_126' title='bbox 2038 2620 2090 2678; x_wconf 89' lang='lat' dir='ltr'><strong>vel</strong></span> 
     </span>
    </p>
   </div>
   <div class='ocr_carea' id='block_1_6' title="bbox 623 2727 2097 3706">
    <p class='ocr_par' dir='ltr' id='par_1_6' title="bbox 623 2727 2097 3706">
     <span class='ocr_line' id='line_1_15' title="bbox 663 2727 2088 2812; baseline 0.003 -26"><span class='ocrx_word' id='word_1_127' title='bbox 663 2729 786 2787; x_wconf 90' lang='lat' dir='ltr'><strong>honoris</strong></span> <span class='ocrx_word' id='word_1_128' title='bbox 809 2727 931 2787; x_wconf 88' lang='lat' dir='ltr'><strong>titulum</strong></span> <span class='ocrx_word' id='word_1_129' title='bbox 951 2729 1080 2792; x_wconf 81' lang='lat' dir='ltr'><strong>evasisse</strong></span> <span class='ocrx_word' id='word_1_130' title='bbox 1101 2729 1230 2809; x_wconf 81' lang='lat' dir='ltr'><strong>Congius</strong></span> <span class='ocrx_word' id='word_1_131' title='bbox 1251 2727 1340 2789; x_wconf 91' lang='lat' dir='ltr'><strong>docet</strong></span> <span class='ocrx_word' id='word_1_132' title='bbox 1360 2731 1392 2788; x_wconf 92' lang='lat' dir='ltr'><strong>in</strong></span> <span class='ocrx_word' id='word_1_133' title='bbox 1414 2729 1527 2790; x_wconf 88' lang='lat' dir='ltr'><strong>mediae</strong></span> <span class='ocrx_word' id='word_1_134' title='bbox 1551 2742 1581 2790; x_wconf 88' lang='lat' dir='ltr'><strong>et</strong></span> <span class='ocrx_word' id='word_1_135' title='bbox 1601 2729 1727 2791; x_wconf 85' lang='lat' dir='ltr'><strong>infimae</strong></span> <span class='ocrx_word' id='word_1_136' title='bbox 1747 2733 1915 2810; x_wconf 83' lang='lat' dir='ltr'><strong>graecitatis</strong></span> <span class='ocrx_word' id='word_1_137' title='bbox 1933 2733 2088 2812; x_wconf 79' lang='lat' dir='ltr'><strong>glossario.</strong></span> 
     </span>
     <span class='ocr_line' id='line_1_16' title="bbox 664 2839 2092 2920; baseline 0.004 -22"><span class='ocrx_word' id='word_1_138' title='bbox 664 2840 883 2899; x_wconf 82' lang='lat' dir='ltr'><strong>Patriciatum</strong></span> <span class='ocrx_word' id='word_1_139' title='bbox 904 2860 979 2900; x_wconf 88' lang='lat' dir='ltr'><strong>vero</strong></span> <span class='ocrx_word' id='word_1_140' title='bbox 1000 2839 1268 2920; x_wconf 87' lang='lat' dir='ltr'><strong>praeclarissimum</strong></span> <span class='ocrx_word' id='word_1_141' title='bbox 1284 2841 1437 2901; x_wconf 90' lang='lat' dir='ltr'><strong>bonorum</strong></span> <span class='ocrx_word' id='word_1_142' title='bbox 1459 2840 1547 2902; x_wconf 84' lang='lat' dir='ltr'><strong>luisse</strong></span> <span class='ocrx_word' id='word_1_143' title='bbox 1568 2843 1708 2902; x_wconf 86' lang='lat' dir='ltr'><strong>habiturn</strong></span> <span class='ocrx_word' id='word_1_144' title='bbox 1729 2857 1875 2903; x_wconf 87' lang='lat' dir='ltr'><strong>testantur</strong></span> <span class='ocrx_word' id='word_1_145' title='bbox 1889 2845 2009 2904; x_wconf 85' lang='lat' dir='ltr'><strong>Nicetes</strong></span> <span class='ocrx_word' id='word_1_146' title='bbox 2032 2845 2092 2903; x_wconf 86' lang='lat' dir='ltr'><strong>Pa-</strong></span> 
     </span>
     <span class='ocr_line' id='line_1_17' title="bbox 664 2949 2095 3032; baseline 0.001 -24"><span class='ocrx_word' id='word_1_147' title='bbox 664 2949 776 3030; x_wconf 82' lang='lat' dir='ltr'><strong>phlago</strong></span> <span class='ocrx_word' id='word_1_148' title='bbox 798 2949 829 3007; x_wconf 90' lang='lat' dir='ltr'><strong>in</strong></span> <span class='ocrx_word' id='word_1_149' title='bbox 849 2949 913 3010; x_wconf 85' lang='lat' dir='ltr'><strong>vita</strong></span> <span class='ocrx_word' id='word_1_150' title='bbox 934 2951 965 3010; x_wconf 90' lang='lat' dir='ltr'><strong>S.</strong></span> <span class='ocrx_word' id='word_1_151' title='bbox 987 2950 1096 3031; x_wconf 82' lang='lat' dir='ltr'><strong>ignatii</strong></span> <span class='ocrx_word' id='word_1_152' title='bbox 1118 2949 1154 3009; x_wconf 89' lang='lat' dir='ltr'><strong>C.</strong></span> <span class='ocrx_word' id='word_1_153' title='bbox 1175 2949 1215 3011; x_wconf 90' lang='lat' dir='ltr'><strong>P.</strong></span> <span class='ocrx_word' id='word_1_154' title='bbox 1239 2951 1430 3012; x_wconf 84' lang='lat' dir='ltr'><strong>Patriarchae</strong></span> <span class='ocrx_word' id='word_1_155' title='bbox 1442 2995 1451 3024; x_wconf 96' lang='lat'><strong>,</strong></span> <span class='ocrx_word' id='word_1_156' title='bbox 1475 2963 1505 3010; x_wconf 91' lang='lat' dir='ltr'><strong>et</strong></span> <span class='ocrx_word' id='word_1_157' title='bbox 1526 2951 1671 3012; x_wconf 88' lang='lat' dir='ltr'><strong>Guterius</strong></span> <span class='ocrx_word' id='word_1_158' title='bbox 1687 2950 1764 3032; x_wconf 89' lang='lat' dir='ltr'><strong>(De</strong></span> <span class='ocrx_word' id='word_1_159' title='bbox 1783 2956 1907 3012; x_wconf 81' lang='lat' dir='ltr'><strong>Domus</strong></span> <span class='ocrx_word' id='word_1_160' title='bbox 1928 2957 2095 3029; x_wconf 61' lang='lat' dir='ltr'><strong>Augustae</strong></span> 
     </span>
     <span class='ocr_line' id='line_1_18' title="bbox 667 3064 2095 3146; baseline -0.002 -18"><span class='ocrx_word' id='word_1_161' title='bbox 667 3064 826 3146; x_wconf 86' lang='lat' dir='ltr'><strong>Officiis),</strong></span> <span class='ocrx_word' id='word_1_162' title='bbox 848 3067 903 3146; x_wconf 89' lang='lat' dir='ltr'><strong>qui</strong></span> <span class='ocrx_word' id='word_1_163' title='bbox 919 3066 1092 3140; x_wconf 80' lang='lat' dir='ltr'><strong>Patricius,</strong></span> <span class='ocrx_word' id='word_1_164' title='bbox 1113 3068 1175 3141; x_wconf 90' lang='lat' dir='ltr'><strong>ait,</strong></span> <span class='ocrx_word' id='word_1_165' title='bbox 1198 3068 1285 3126; x_wconf 87' lang='lat' dir='ltr'><strong>circa</strong></span> <span class='ocrx_word' id='word_1_166' title='bbox 1299 3069 1384 3127; x_wconf 80' lang='lat' dir='ltr'><strong>latus</strong></span> <span class='ocrx_word' id='word_1_167' title='bbox 1401 3071 1601 3146; x_wconf 69' lang='lat' dir='ltr'><strong>Imperatoris</strong></span> <span class='ocrx_word' id='word_1_168' title='bbox 1615 3071 1725 3146; x_wconf 81' lang='lat' dir='ltr'><strong>egisse,</strong></span> <span class='ocrx_word' id='word_1_169' title='bbox 1746 3080 1776 3128; x_wconf 90' lang='lat' dir='ltr'><strong>et</strong></span> <span class='ocrx_word' id='word_1_170' title='bbox 1789 3068 1938 3128; x_wconf 81' lang='lat' dir='ltr'><strong>horrorem</strong></span> <span class='ocrx_word' id='word_1_171' title='bbox 1954 3067 2095 3127; x_wconf 84' lang='lat' dir='ltr'><strong>delatum</strong></span> 
     </span>
     <span class='ocr_line' id='line_1_19' title="bbox 656 3178 2095 3262; baseline 0.001 -25"><span class='ocrx_word' id='word_1_172' title='bbox 656 3179 758 3256; x_wconf 85' lang='lat' dir='ltr'><strong>finem</strong></span> <span class='ocrx_word' id='word_1_173' title='bbox 774 3178 851 3238; x_wconf 87' lang='lat' dir='ltr'><strong>certi</strong></span> <span class='ocrx_word' id='word_1_174' title='bbox 870 3181 1015 3257; x_wconf 80' lang='lat' dir='ltr'><strong>temporis</strong></span> <span class='ocrx_word' id='word_1_175' title='bbox 1034 3191 1063 3238; x_wconf 89' lang='lat' dir='ltr'><strong>et</strong></span> <span class='ocrx_word' id='word_1_176' title='bbox 1082 3180 1145 3238; x_wconf 88' lang='lat' dir='ltr'><strong>loci</strong></span> <span class='ocrx_word' id='word_1_177' title='bbox 1157 3200 1221 3239; x_wconf 83' lang='lat' dir='ltr'><strong>non</strong></span> <span class='ocrx_word' id='word_1_178' title='bbox 1240 3179 1392 3240; x_wconf 81' lang='lat' dir='ltr'><strong>babuisse.</strong></span> <span class='ocrx_word' id='word_1_179' title='bbox 1407 3183 1476 3243; x_wconf 86' lang='lat' dir='ltr'><strong>Hoc</strong></span> <span class='ocrx_word' id='word_1_180' title='bbox 1500 3203 1570 3242; x_wconf 88' lang='lat' dir='ltr'><strong>sane</strong></span> <span class='ocrx_word' id='word_1_181' title='bbox 1587 3182 1678 3241; x_wconf 92' lang='lat' dir='ltr'><strong>titulo</strong></span> <span class='ocrx_word' id='word_1_182' title='bbox 1703 3181 1893 3242; x_wconf 88' lang='lat' dir='ltr'><strong>donabantur</strong></span> <span class='ocrx_word' id='word_1_183' title='bbox 1914 3183 1935 3240; x_wconf 93' lang='lat' dir='ltr'><strong>ii</strong></span> <span class='ocrx_word' id='word_1_184' title='bbox 1959 3200 2095 3262; x_wconf 84' lang='lat' dir='ltr'><strong>praeser-</strong></span> 
     </span>
     <span class='ocr_line' id='line_1_20' title="bbox 623 3290 2096 3384; baseline 0.001 -34"><span class='ocrx_word' id='word_1_185' title='bbox 623 3367 628 3384; x_wconf 28' lang='grc' dir='ltr'>ἱ</span> <span class='ocrx_word' id='word_1_186' title='bbox 666 3293 746 3365; x_wconf 92' lang='lat' dir='ltr'><strong>tim,</strong></span> <span class='ocrx_word' id='word_1_187' title='bbox 777 3290 887 3368; x_wconf 81' lang='lat' dir='ltr'><strong>quibus</strong></span> <span class='ocrx_word' id='word_1_188' title='bbox 907 3291 1033 3370; x_wconf 88' lang='lat' dir='ltr'><strong>Imperii</strong></span> <span class='ocrx_word' id='word_1_189' title='bbox 1053 3291 1154 3372; x_wconf 84' lang='lat' dir='ltr'><strong>graeei</strong></span> <span class='ocrx_word' id='word_1_190' title='bbox 1178 3293 1355 3373; x_wconf 78' lang='lat' dir='ltr'><strong>provinciae</strong></span> <span class='ocrx_word' id='word_1_191' title='bbox 1375 3291 1632 3354; x_wconf 86' lang='lat' dir='ltr'><strong>administrandae</strong></span> <span class='ocrx_word' id='word_1_192' title='bbox 1653 3292 1900 3368; x_wconf 83' lang='lat' dir='ltr'><strong>mundabantur,</strong></span> <span class='ocrx_word' id='word_1_193' title='bbox 1924 3292 2000 3351; x_wconf 89' lang='lat' dir='ltr'><strong>dicti</strong></span> <span class='ocrx_word' id='word_1_194' title='bbox 2025 3314 2096 3372; x_wconf 92' lang='lat' dir='ltr'><strong>pro-</strong></span> 
     </span>
     <span class='ocr_line' id='line_1_21' title="bbox 668 3402 2095 3486; baseline 0.001 -24"><span class='ocrx_word' id='word_1_195' title='bbox 668 3418 774 3484; x_wconf 82' lang='lat' dir='ltr'><strong>pterea</strong></span> <span class='ocrx_word' id='word_1_196' title='bbox 795 3402 940 3462; x_wconf 81' lang='lat' dir='ltr'><strong>Patrr&#39;eii</strong></span> <span class='ocrx_word' id='word_1_197' title='bbox 962 3405 1161 3482; x_wconf 75' lang='lat' dir='ltr'><strong>imperiales,</strong></span> <span class='ocrx_word' id='word_1_198' title='bbox 1190 3405 1359 3465; x_wconf 88' lang='lat' dir='ltr'><strong>cuiusmodi</strong></span> <span class='ocrx_word' id='word_1_199' title='bbox 1375 3407 1498 3468; x_wconf 84' lang='lat' dir='ltr'><strong>extitere</strong></span> <span class='ocrx_word' id='word_1_200' title='bbox 1520 3407 1581 3467; x_wconf 94' lang='lat' dir='ltr'><strong>duo</strong></span> <span class='ocrx_word' id='word_1_201' title='bbox 1603 3404 1653 3465; x_wconf 90' lang='lat' dir='ltr'><strong>illi</strong></span> <span class='ocrx_word' id='word_1_202' title='bbox 1680 3406 1819 3466; x_wconf 83' lang='lat' dir='ltr'><strong>Patn&#39;cii</strong></span> <span class='ocrx_word' id='word_1_203' title='bbox 1831 3448 1840 3479; x_wconf 98' lang='lat'><strong>,</strong></span> <span class='ocrx_word' id='word_1_204' title='bbox 1862 3425 1996 3486; x_wconf 87' lang='lat' dir='ltr'><strong>quorum</strong></span> <span class='ocrx_word' id='word_1_205' title='bbox 2018 3427 2095 3464; x_wconf 92' lang='lat' dir='ltr'><strong>unus</strong></span> 
     </span>
     <span class='ocr_line' id='line_1_22' title="bbox 670 3513 2095 3596; baseline 0.002 -24"><span class='ocrx_word' id='word_1_206' title='bbox 670 3513 832 3582; x_wconf 87' lang='lat' dir='ltr'><strong>Siciliam,</strong></span> <span class='ocrx_word' id='word_1_207' title='bbox 864 3513 1058 3586; x_wconf 87' lang='lat' dir='ltr'><strong>Calabriam,</strong></span> <span class='ocrx_word' id='word_1_208' title='bbox 1088 3515 1253 3596; x_wconf 87' lang='lat' dir='ltr'><strong>Neapolim</strong></span> <span class='ocrx_word' id='word_1_209' title='bbox 1277 3529 1308 3574; x_wconf 89' lang='lat' dir='ltr'><strong>et</strong></span> <span class='ocrx_word' id='word_1_210' title='bbox 1329 3515 1545 3596; x_wconf 80' lang='lat' dir='ltr'><strong>hmalphiam,</strong></span> <span class='ocrx_word' id='word_1_211' title='bbox 1571 3516 1649 3576; x_wconf 87' lang='lat' dir='ltr'><strong>alter</strong></span> <span class='ocrx_word' id='word_1_212' title='bbox 1670 3516 1908 3588; x_wconf 87' lang='lat' dir='ltr'><strong>Beneventum,</strong></span> <span class='ocrx_word' id='word_1_213' title='bbox 1934 3517 2095 3596; x_wconf 87' lang='lat' dir='ltr'><strong>Capuam,</strong></span> 
     </span>
     <span class='ocr_line' id='line_1_23' title="bbox 670 3622 2097 3706; baseline -0.001 -22"><span class='ocrx_word' id='word_1_214' title='bbox 670 3626 821 3704; x_wconf 88' lang='lat' dir='ltr'><strong>Papiam,</strong></span> <span class='ocrx_word' id='word_1_215' title='bbox 851 3623 988 3706; x_wconf 85' lang='lat' dir='ltr'><strong>aliasque</strong></span> <span class='ocrx_word' id='word_1_216' title='bbox 1017 3624 1104 3686; x_wconf 89' lang='lat' dir='ltr'><strong>urbes</strong></span> <span class='ocrx_word' id='word_1_217' title='bbox 1133 3623 1250 3685; x_wconf 88' lang='lat' dir='ltr'><strong>italicas</strong></span> <span class='ocrx_word' id='word_1_218' title='bbox 1281 3622 1471 3685; x_wconf 79' lang='lat' dir='ltr'><strong>moderatum</strong></span> <span class='ocrx_word' id='word_1_219' title='bbox 1496 3622 1573 3686; x_wconf 89' lang='lat' dir='ltr'><strong>olim</strong></span> <span class='ocrx_word' id='word_1_220' title='bbox 1602 3624 1930 3704; x_wconf 82' lang='lat' dir='ltr'><strong>constantinopolitana</strong></span> <span class='ocrx_word' id='word_1_221' title='bbox 1960 3645 1996 3684; x_wconf 81' lang='lat' dir='ltr'><strong>en</strong></span> <span class='ocrx_word' id='word_1_222' title='bbox 2023 3625 2097 3684; x_wconf 88' lang='lat' dir='ltr'><strong>aula</strong></span> 
     </span>
    </p>
   </div>
   <div class='ocr_carea' id='block_1_7' title="bbox 671 3735 2098 3925">
    <p class='ocr_par' dir='ltr' id='par_1_7' title="bbox 671 3735 2098 3925">
     <span class='ocr_line' id='line_1_24' title="bbox 671 3735 2098 3818; baseline -0.001 -22"><span class='ocrx_word' id='word_1_223' title='bbox 671 3738 877 3798; x_wconf 88' lang='lat' dir='ltr'><strong>mittebantur.</strong></span> <span class='ocrx_word' id='word_1_224' title='bbox 892 3737 1072 3797; x_wconf 86' lang='lat' dir='ltr'><strong>Exterarum</strong></span> <span class='ocrx_word' id='word_1_225' title='bbox 1095 3756 1185 3817; x_wconf 90' lang='lat' dir='ltr'><strong>porro</strong></span> <span class='ocrx_word' id='word_1_226' title='bbox 1204 3738 1339 3817; x_wconf 82' lang='lat' dir='ltr'><strong>gentium</strong></span> <span class='ocrx_word' id='word_1_227' title='bbox 1355 3752 1506 3815; x_wconf 86' lang='lat' dir='ltr'><strong>rectores,</strong></span> <span class='ocrx_word' id='word_1_228' title='bbox 1528 3739 1581 3818; x_wconf 89' lang='lat' dir='ltr'><strong>qui</strong></span> <span class='ocrx_word' id='word_1_229' title='bbox 1595 3739 1792 3797; x_wconf 84' lang='lat' dir='ltr'><strong>Patriciatus</strong></span> <span class='ocrx_word' id='word_1_230' title='bbox 1811 3737 1958 3798; x_wconf 89' lang='lat' dir='ltr'><strong>honorem</strong></span> <span class='ocrx_word' id='word_1_231' title='bbox 1978 3735 2098 3796; x_wconf 84' lang='lat' dir='ltr'><strong>fuerant</strong></span> 
     </span>
     <span class='ocr_line' id='line_1_25' title="bbox 671 3845 1313 3925; baseline -0.002 -18"><span class='ocrx_word' id='word_1_232' title='bbox 671 3849 813 3921; x_wconf 87' lang='lat' dir='ltr'><strong>assecuti,</strong></span> <span class='ocrx_word' id='word_1_233' title='bbox 836 3848 980 3907; x_wconf 84' lang='lat' dir='ltr'><strong>Patrieii</strong></span> <span class='ocrx_word' id='word_1_234' title='bbox 995 3847 1118 3925; x_wconf 79' lang='lat' dir='ltr'><strong>prt‘vrtti</strong></span> <span class='ocrx_word' id='word_1_235' title='bbox 1136 3845 1313 3909; x_wconf 88' lang='lat' dir='ltr'><strong>audierunt.</strong></span> 
     </span>
    </p>
   </div>
   <div class='ocr_carea' id='block_1_8' title="bbox 673 3954 2100 4824">
    <p class='ocr_par' dir='ltr' id='par_1_8' title="bbox 673 3954 2100 4824">
     <span class='ocr_line' id='line_1_26' title="bbox 751 3954 2096 4038; baseline -0.003 -22"><span class='ocrx_word' id='word_1_236' title='bbox 751 3960 787 4016; x_wconf 87' lang='lat' dir='ltr'><strong>In</strong></span> <span class='ocrx_word' id='word_1_237' title='bbox 808 3956 914 4016; x_wconf 86' lang='lat' dir='ltr'><strong>eadem</strong></span> <span class='ocrx_word' id='word_1_238' title='bbox 936 3959 992 4015; x_wconf 90' lang='lat' dir='ltr'><strong>hac</strong></span> <span class='ocrx_word' id='word_1_239' title='bbox 1013 3958 1190 4015; x_wconf 87' lang='lat' dir='ltr'><strong>membrana</strong></span> <span class='ocrx_word' id='word_1_240' title='bbox 1204 3955 1402 4034; x_wconf 83' lang='lat' dir='ltr'><strong>Landulphus</strong></span> <span class='ocrx_word' id='word_1_241' title='bbox 1417 3956 1581 4036; x_wconf 80' lang='lat' dir='ltr'><strong>Principis</strong></span> <span class='ocrx_word' id='word_1_242' title='bbox 1594 3977 1720 4038; x_wconf 86' lang='lat' dir='ltr'><strong>quoque</strong></span> <span class='ocrx_word' id='word_1_243' title='bbox 1734 3955 1821 4015; x_wconf 89' lang='lat' dir='ltr'><strong>titulo</strong></span> <span class='ocrx_word' id='word_1_244' title='bbox 1842 3954 2015 4033; x_wconf 80' lang='lat' dir='ltr'><strong>insignitur.</strong></span> <span class='ocrx_word' id='word_1_245' title='bbox 2032 3956 2096 4014; x_wconf 91' lang='lat' dir='ltr'><strong>Vo-</strong></span> 
     </span>
     <span class='ocr_line' id='line_1_27' title="bbox 673 4064 2100 4148; baseline -0.004 -22"><span class='ocrx_word' id='word_1_246' title='bbox 673 4067 819 4126; x_wconf 85' lang='lat' dir='ltr'><strong>cabulum</strong></span> <span class='ocrx_word' id='word_1_247' title='bbox 840 4067 899 4126; x_wconf 91' lang='lat' dir='ltr'><strong>hoc</strong></span> <span class='ocrx_word' id='word_1_248' title='bbox 908 4108 917 4138; x_wconf 92' lang='lat'><strong>,</strong></span> <span class='ocrx_word' id='word_1_249' title='bbox 937 4066 1022 4144; x_wconf 92' lang='lat' dir='ltr'><strong>quod</strong></span> <span class='ocrx_word' id='word_1_250' title='bbox 1038 4065 1121 4146; x_wconf 89' lang='lat' dir='ltr'><strong>apud</strong></span> <span class='ocrx_word' id='word_1_251' title='bbox 1133 4067 1287 4127; x_wconf 86' lang='lat' dir='ltr'><strong>Romanos</strong></span> <span class='ocrx_word' id='word_1_252' title='bbox 1301 4068 1421 4146; x_wconf 84' lang='lat' dir='ltr'><strong>vigente</strong></span> <span class='ocrx_word' id='word_1_253' title='bbox 1436 4067 1593 4148; x_wconf 90' lang='lat' dir='ltr'><strong>republica</strong></span> <span class='ocrx_word' id='word_1_254' title='bbox 1610 4070 1758 4146; x_wconf 72' lang='lat' dir='ltr'><strong>priorum</strong></span> <span class='ocrx_word' id='word_1_255' title='bbox 1772 4067 1945 4140; x_wconf 85' lang='lat' dir='ltr'><strong>denotavit,</strong></span> <span class='ocrx_word' id='word_1_256' title='bbox 1969 4064 2024 4122; x_wconf 92' lang='lat' dir='ltr'><strong>sub</strong></span> <span class='ocrx_word' id='word_1_257' title='bbox 2039 4065 2100 4121; x_wconf 89' lang='lat' dir='ltr'><strong>im-</strong></span> 
     </span>
     <span class='ocr_line' id='line_1_28' title="bbox 675 4175 2099 4260; baseline -0.004 -23"><span class='ocrx_word' id='word_1_258' title='bbox 675 4176 861 4260; x_wconf 86' lang='lat' dir='ltr'><strong>peratoribus</strong></span> <span class='ocrx_word' id='word_1_259' title='bbox 889 4177 939 4238; x_wconf 90' lang='lat' dir='ltr'><strong>vel</strong></span> <span class='ocrx_word' id='word_1_260' title='bbox 965 4178 1088 4237; x_wconf 89' lang='lat' dir='ltr'><strong>honoris</strong></span> <span class='ocrx_word' id='word_1_261' title='bbox 1115 4175 1223 4236; x_wconf 90' lang='lat' dir='ltr'><strong>titulus</strong></span> <span class='ocrx_word' id='word_1_262' title='bbox 1254 4193 1314 4234; x_wconf 86' lang='lat' dir='ltr'><strong>esse</strong></span> <span class='ocrx_word' id='word_1_263' title='bbox 1342 4175 1465 4256; x_wconf 82' lang='lat' dir='ltr'><strong>coepit5</strong></span> <span class='ocrx_word' id='word_1_264' title='bbox 1489 4195 1623 4254; x_wconf 87' lang='lat' dir='ltr'><strong>namque</strong></span> <span class='ocrx_word' id='word_1_265' title='bbox 1644 4175 1800 4254; x_wconf 80' lang='lat' dir='ltr'><strong>Princeps</strong></span> <span class='ocrx_word' id='word_1_266' title='bbox 1828 4176 2005 4237; x_wconf 81' lang='lat' dir='ltr'><strong>Iuventutis</strong></span> <span class='ocrx_word' id='word_1_267' title='bbox 2025 4188 2099 4233; x_wconf 90' lang='lat' dir='ltr'><strong>tuuc</strong></span> 
     </span>
     <span class='ocr_line' id='line_1_29' title="bbox 676 4288 2098 4372; baseline -0.004 -22"><span class='ocrx_word' id='word_1_268' title='bbox 676 4288 775 4350; x_wconf 89' lang='lat' dir='ltr'><strong>audiit</strong></span> <span class='ocrx_word' id='word_1_269' title='bbox 794 4291 896 4350; x_wconf 84' lang='lat' dir='ltr'><strong>haeres</strong></span> <span class='ocrx_word' id='word_1_270' title='bbox 917 4291 1039 4372; x_wconf 85' lang='lat' dir='ltr'><strong>Imperii</strong></span> <span class='ocrx_word' id='word_1_271' title='bbox 1060 4289 1196 4366; x_wconf 79' lang='lat' dir='ltr'><strong>iuturus,</strong></span> <span class='ocrx_word' id='word_1_272' title='bbox 1220 4303 1249 4350; x_wconf 92' lang='lat' dir='ltr'><strong>et</strong></span> <span class='ocrx_word' id='word_1_273' title='bbox 1268 4288 1426 4369; x_wconf 85' lang='lat' dir='ltr'><strong>imperator</strong></span> <span class='ocrx_word' id='word_1_274' title='bbox 1441 4288 1505 4368; x_wconf 91' lang='lat' dir='ltr'><strong>ipse</strong></span> <span class='ocrx_word' id='word_1_275' title='bbox 1521 4289 1677 4366; x_wconf 82' lang='lat' dir='ltr'><strong>Princeps</strong></span> <span class='ocrx_word' id='word_1_276' title='bbox 1689 4288 1789 4348; x_wconf 89' lang='lat' dir='ltr'><strong>dictus</strong></span> <span class='ocrx_word' id='word_1_277' title='bbox 1804 4304 1868 4365; x_wconf 90' lang='lat' dir='ltr'><strong>est,</strong></span> <span class='ocrx_word' id='word_1_278' title='bbox 1891 4311 1954 4370; x_wconf 85' lang='lat' dir='ltr'><strong>quo</strong></span> <span class='ocrx_word' id='word_1_279' title='bbox 1977 4288 2098 4348; x_wconf 89' lang='lat' dir='ltr'><strong>nomine</strong></span> 
     </span>
     <span class='ocr_line' id='line_1_30' title="bbox 677 4399 2100 4483; baseline -0.008 -16"><span class='ocrx_word' id='word_1_280' title='bbox 677 4407 818 4467; x_wconf 85' lang='lat' dir='ltr'><strong>Horatius</strong></span> <span class='ocrx_word' id='word_1_281' title='bbox 834 4403 963 4466; x_wconf 86' lang='lat' dir='ltr'><strong>donavit</strong></span> <span class='ocrx_word' id='word_1_282' title='bbox 979 4407 1168 4483; x_wconf 82' lang='lat' dir='ltr'><strong>Augustum,</strong></span> <span class='ocrx_word' id='word_1_283' title='bbox 1191 4404 1244 4464; x_wconf 92' lang='lat' dir='ltr'><strong>ubi</strong></span> <span class='ocrx_word' id='word_1_284' title='bbox 1264 4403 1308 4462; x_wconf 89' lang='lat' dir='ltr'><strong>ait</strong></span> <span class='ocrx_word' id='word_1_285' title='bbox 1322 4429 1330 4465; x_wconf 72' lang='grc' dir='ltr'>ι</span> <span class='ocrx_word' id='word_1_286' title='bbox 1352 4404 1420 4464; x_wconf 85' lang='lat' dir='ltr'><strong>Hic</strong></span> <span class='ocrx_word' id='word_1_287' title='bbox 1434 4421 1521 4462; x_wconf 83' lang='lat' dir='ltr'><strong>emes</strong></span> <span class='ocrx_word' id='word_1_288' title='bbox 1534 4399 1601 4460; x_wconf 86' lang='lat' dir='ltr'><strong>diei</strong></span> <span class='ocrx_word' id='word_1_289' title='bbox 1613 4409 1712 4480; x_wconf 82' lang='lat' dir='ltr'><strong>pater</strong></span> <span class='ocrx_word' id='word_1_290' title='bbox 1723 4412 1820 4480; x_wconf 84' lang='lat' dir='ltr'><strong>atque</strong></span> <span class='ocrx_word' id='word_1_291' title='bbox 1835 4402 1994 4480; x_wconf 80' lang='lat' dir='ltr'><strong>princeps.</strong></span> <span class='ocrx_word' id='word_1_292' title='bbox 2018 4401 2100 4459; x_wconf 85' lang='lat' dir='ltr'><strong>luter</strong></span> 
     </span>
     <span class='ocr_line' id='line_1_31' title="bbox 677 4508 2100 4597; baseline -0.006 -23"><span class='ocrx_word' id='word_1_293' title='bbox 677 4536 725 4574; x_wconf 87' lang='lat' dir='ltr'><strong>eos</strong></span> <span class='ocrx_word' id='word_1_294' title='bbox 749 4535 842 4588; x_wconf 83' lang='lat' dir='ltr'><strong>vero,</strong></span> <span class='ocrx_word' id='word_1_295' title='bbox 866 4515 921 4594; x_wconf 91' lang='lat' dir='ltr'><strong>qui</strong></span> <span class='ocrx_word' id='word_1_296' title='bbox 937 4516 1043 4575; x_wconf 85' lang='lat' dir='ltr'><strong>nostris</strong></span> <span class='ocrx_word' id='word_1_297' title='bbox 1059 4514 1224 4597; x_wconf 88' lang='lat' dir='ltr'><strong>provinciis</strong></span> <span class='ocrx_word' id='word_1_298' title='bbox 1242 4511 1384 4573; x_wconf 86' lang='lat' dir='ltr'><strong>inieriore</strong></span> <span class='ocrx_word' id='word_1_299' title='bbox 1399 4530 1476 4570; x_wconf 84' lang='lat' dir='ltr'><strong>aevo</strong></span> <span class='ocrx_word' id='word_1_300' title='bbox 1489 4508 1696 4592; x_wconf 86' lang='lat' dir='ltr'><strong>imperarunt,</strong></span> <span class='ocrx_word' id='word_1_301' title='bbox 1715 4509 1838 4570; x_wconf 79' lang='lat' dir='ltr'><strong>Arecbis</strong></span> <span class='ocrx_word' id='word_1_302' title='bbox 1854 4511 2018 4571; x_wconf 79' lang='lat' dir='ltr'><strong>beneventi</strong></span> <span class='ocrx_word' id='word_1_303' title='bbox 2039 4509 2100 4566; x_wconf 82' lang='lat' dir='ltr'><strong>dux</strong></span> 
     </span>
     <span class='ocr_line' id='line_1_32' title="bbox 678 4620 2100 4708; baseline -0.008 -21"><span class='ocrx_word' id='word_1_304' title='bbox 678 4627 845 4707; x_wconf 79' lang='lat' dir='ltr'><strong>Principis</strong></span> <span class='ocrx_word' id='word_1_305' title='bbox 862 4648 972 4690; x_wconf 89' lang='lat' dir='ltr'><strong>nomen</strong></span> <span class='ocrx_word' id='word_1_306' title='bbox 992 4631 1107 4708; x_wconf 88' lang='lat' dir='ltr'><strong>primus</strong></span> <span class='ocrx_word' id='word_1_307' title='bbox 1128 4627 1307 4708; x_wconf 83' lang='lat' dir='ltr'><strong>usurpavit,</strong></span> <span class='ocrx_word' id='word_1_308' title='bbox 1331 4640 1364 4686; x_wconf 92' lang='lat' dir='ltr'><strong>ut</strong></span> <span class='ocrx_word' id='word_1_309' title='bbox 1378 4623 1485 4685; x_wconf 90' lang='lat' dir='ltr'><strong>Leonis</strong></span> <span class='ocrx_word' id='word_1_310' title='bbox 1498 4624 1651 4685; x_wconf 87' lang='lat' dir='ltr'><strong>hostiensis</strong></span> <span class='ocrx_word' id='word_1_311' title='bbox 1670 4623 1835 4682; x_wconf 89' lang='lat' dir='ltr'><strong>chronicon</strong></span> <span class='ocrx_word' id='word_1_312' title='bbox 1857 4621 1932 4705; x_wconf 77' lang='lat' dir='ltr'><strong>(tit.</strong></span> <span class='ocrx_word' id='word_1_313' title='bbox 1952 4625 1981 4680; x_wconf 90' lang='lat' dir='ltr'><strong>I.</strong></span> <span class='ocrx_word' id='word_1_314' title='bbox 1996 4641 2024 4680; x_wconf 88' lang='lat' dir='ltr'><strong>c.</strong></span> <span class='ocrx_word' id='word_1_315' title='bbox 2047 4620 2100 4698; x_wconf 83' lang='lat' dir='ltr'><strong>to)</strong></span> 
     </span>
     <span class='ocr_line' id='line_1_33' title="bbox 680 4732 2100 4824; baseline -0.007 -24"><span class='ocrx_word' id='word_1_316' title='bbox 680 4754 814 4802; x_wconf 90' lang='lat' dir='ltr'><strong>testatur.</strong></span> <span class='ocrx_word' id='word_1_317' title='bbox 829 4743 894 4804; x_wconf 92' lang='lat' dir='ltr'><strong>Ubi</strong></span> <span class='ocrx_word' id='word_1_318' title='bbox 910 4742 1050 4824; x_wconf 87' lang='lat' dir='ltr'><strong>deinceps</strong></span> <span class='ocrx_word' id='word_1_319' title='bbox 1063 4739 1224 4802; x_wconf 87' lang='lat' dir='ltr'><strong>Salernum</strong></span> <span class='ocrx_word' id='word_1_320' title='bbox 1239 4753 1267 4800; x_wconf 91' lang='lat' dir='ltr'><strong>et</strong></span> <span class='ocrx_word' id='word_1_321' title='bbox 1282 4741 1384 4822; x_wconf 86' lang='lat' dir='ltr'><strong>Capua</strong></span> <span class='ocrx_word' id='word_1_322' title='bbox 1399 4739 1610 4800; x_wconf 89' lang='lat' dir='ltr'><strong>beneventano</strong></span> <span class='ocrx_word' id='word_1_323' title='bbox 1626 4759 1642 4795; x_wconf 86' lang='lat' dir='ltr'><strong>a</strong></span> <span class='ocrx_word' id='word_1_324' title='bbox 1658 4739 1778 4795; x_wconf 90' lang='lat' dir='ltr'><strong>Ducatu</strong></span> <span class='ocrx_word' id='word_1_325' title='bbox 1794 4737 1946 4794; x_wconf 84' lang='lat' dir='ltr'><strong>seiunctae</strong></span> <span class='ocrx_word' id='word_1_326' title='bbox 1962 4732 2100 4802; x_wconf 83' lang='lat' dir='ltr'><strong>fuerunt,</strong></span> 
     </span>
    </p>
   </div>
   <div class='ocr_carea' id='block_1_9' title="bbox 680 4845 2082 4936">
    <p class='ocr_par' dir='ltr' id='par_1_9' title="bbox 680 4845 2082 4936">
     <span class='ocr_line' id='line_1_34' title="bbox 680 4845 2082 4936; baseline -0.006 -22"><span class='ocrx_word' id='word_1_327' title='bbox 680 4855 734 4934; x_wconf 79' lang='lat' dir='ltr'><strong>qui</strong></span> <span class='ocrx_word' id='word_1_328' title='bbox 754 4874 858 4915; x_wconf 87' lang='lat' dir='ltr'><strong>carum</strong></span> <span class='ocrx_word' id='word_1_329' title='bbox 877 4857 1000 4915; x_wconf 89' lang='lat' dir='ltr'><strong>urbium</strong></span> <span class='ocrx_word' id='word_1_330' title='bbox 1022 4857 1137 4917; x_wconf 88' lang='lat' dir='ltr'><strong>ditione</strong></span> <span class='ocrx_word' id='word_1_331' title='bbox 1159 4858 1245 4936; x_wconf 90' lang='lat' dir='ltr'><strong>potiti</strong></span> <span class='ocrx_word' id='word_1_332' title='bbox 1266 4871 1360 4928; x_wconf 91' lang='lat' dir='ltr'><strong>sunt,</strong></span> <span class='ocrx_word' id='word_1_333' title='bbox 1384 4855 1442 4934; x_wconf 87' lang='lat' dir='ltr'><strong>ipsi</strong></span> <span class='ocrx_word' id='word_1_334' title='bbox 1465 4873 1587 4933; x_wconf 86' lang='lat' dir='ltr'><strong>quoque</strong></span> <span class='ocrx_word' id='word_1_335' title='bbox 1606 4870 1666 4909; x_wconf 89' lang='lat' dir='ltr'><strong>sese</strong></span> <span class='ocrx_word' id='word_1_336' title='bbox 1689 4850 1856 4926; x_wconf 79' lang='lat' dir='ltr'><strong>Principes</strong></span> <span class='ocrx_word' id='word_1_337' title='bbox 1876 4845 2082 4928; x_wconf 87' lang='lat' dir='ltr'><strong>appellarunt.</strong></span> 
     </span>
    </p>
   </div>
   <div class='ocr_carea' id='block_1_10' title="bbox 0 0 2377 6500">
    <p class='ocr_par' dir='ltr' id='par_1_10' title="bbox 0 0 2377 6500">
     <span class='ocr_line' id='line_1_35' title="bbox 0 0 2377 6500; baseline 0 0"><span class='ocrx_word' id='word_1_338' title='bbox 0 0 2377 6500; x_wconf 95' lang='lat' dir='ltr'><strong> </strong></span> 
     </span>
    </p>
   </div>
  </div>
 </body>
</html>
