4658 6508
837 1181 963 1252 Christe
987 1185 1060 1252 lave

336 1309 419 1402 †tn
436 1311 567 1382 nomine
585 1311 709 1382 domini
725 1311 777 1381 dei
792 1311 959 1381 salvatoris
976 1311 1078 1380 nostri
1100 1311 1194 1382 ihesu
1211 1309 1323 1380 christi
1339 1312 1517 1403 imperante
1534 1312 1667 1384 domino
1738 1349 1790 1394 an,

240 1447 351 1505 nostro
376 1436 578 1504 constantino
601 1457 721 1529 magno
744 1435 938 1527 imperatore
962 1458 1048 1504 anno
1071 1435 1317 1529 quartodecimo
1340 1438 1396 1507 sed
1420 1446 1452 1505 et
1475 1459 1612 1506 romano
1636 1447 1668 1506 ct
1725 1458 1792 1518 92⁴2

239 1560 434 1630 christoforo
457 1561 526 1630 eius
549 1559 617 1630 lilio
642 1583 727 1630 anno
750 1559 857 1653 primo
881 1559 933 1630 die
955 1571 1047 1630 sexta
1062 1561 1180 1630 mensis
1195 1559 1334 1630 ianuarii
1351 1559 1526 1632 indictione
1544 1561 1667 1632 decima

238 1686 390 1780 neapoli:
418 1687 551 1756 Certum
574 1695 623 1758 est
645 1708 698 1756 me
722 1686 836 1778 lupum
860 1686 1014 1756 colonum
1038 1687 1142 1757 tilium
1159 1687 1292 1780 quidam
1321 1687 1471 1779 amiperti
1497 1688 1604 1758 coloni
1629 1690 1668 1760 de

238 1814 311 1884 loco
335 1814 393 1906 qui
417 1820 553 1882 vocatur
577 1810 793 1903 pumilionum
816 1834 919 1882 massa
951 1811 1105 1881 atellana:
1140 1835 1159 1878 a
1182 1804 1321 1903 prescriti
1353 1810 1405 1882 die
1433 1813 1670 1903 promptissima

238 1942 404 2010 voluntate
427 1939 610 2009 venundedi
635 1950 667 2009 et
690 1940 807 2010 tradidi
831 1939 891 2010 tihi
915 1939 1000 2012 leoni
1024 1962 1144 2033 genero
1168 1961 1265 2009 meo:
1292 1939 1378 2010 ldest
1401 1939 1436 2008 in
1460 1939 1588 2032 integro
1613 1963 1670 2011 sex

239 2067 349 2137 uncias
362 2065 410 2160 (t)
425 2066 464 2135 de
475 2065 600 2157 integra
612 2089 675 2135 una
692 2077 778 2137 terra
793 2091 865 2137 mea
881 2091 946 2160 que
960 2077 1095 2136 vocatur
1112 2067 1152 2136 ad
1167 2066 1301 2138 horbeta
1317 2066 1422 2159 posita
1438 2066 1472 2136 in
1490 2078 1670 2138 memorato

239 2195 312 2263 loco
328 2192 391 2262 hoc
408 2201 456 2262 est
474 2201 651 2260 traversum
675 2190 767 2260 iuxta
782 2189 836 2260 via
860 2215 878 2259 a
902 2199 992 2282 parte
1009 2192 1049 2261 de
1068 2190 1119 2259 via
1134 2193 1174 2262 de
1191 2190 1340 2260 vibarum
1357 2203 1436 2261 cum
1450 2191 1621 2262 arboribus
1639 2205 1671 2263 et

238 2321 372 2390 introito
395 2341 456 2390 suo
479 2328 512 2388 et
534 2317 685 2388 omnibus
708 2319 771 2388 sivi
796 2317 1028 2410 pertinentibus
1054 2321 1137 2389 unde
1162 2318 1244 2388 nihil
1268 2319 1350 2390 mihi
1375 2321 1492 2391 exinde
1516 2321 1672 2390 remansit

239 2451 296 2509 aut
319 2439 484 2510 reservavi
507 2461 572 2531 que
595 2437 775 2529 seiungitur
798 2447 831 2506 ct
854 2436 1032 2508 indivisum
1054 2438 1196 2508 reincent
1219 2461 1295 2508 cum
1316 2439 1377 2508 alia
1407 2451 1440 2511 et
1471 2438 1592 2511 similes
1615 2463 1672 2509 sex

238 2566 348 2636 uncias
372 2589 414 2635 ex
437 2565 506 2658 ipsa
531 2573 616 2634 terra
640 2563 731 2634 iuxta
754 2563 808 2634 via
824 2563 953 2657 publica
969 2564 1027 2658 qui
1044 2564 1150 2658 pergit
1167 2565 1207 2636 ad
1222 2565 1369 2635 nucitum
1386 2566 1519 2658 quasin
1530 2588 1603 2636 mea
1620 2589 1671 2638 re·

234 2695 361 2765 servavi
385 2700 541 2786 potestate
566 2692 624 2784 qui
648 2701 681 2760 et
702 2691 800 2760 simul
820 2692 952 2763 coherct
966 2691 1006 2760 ab
1023 2715 1089 2762 uno
1103 2693 1202 2762 latere
1221 2703 1306 2764 terra
1322 2695 1438 2764 andree
1454 2693 1623 2784 presbiteri
1637 2705 1669 2763 et

238 2820 277 2887 ab
295 2817 358 2887 alio
375 2817 474 2887 latere
493 2815 624 2886 coheret
639 2815 723 2907 sepis
738 2824 771 2886 et
784 2817 933 2886 fossatus:
954 2827 986 2886 et
1001 2816 1041 2885 dc
1057 2815 1183 2886 duobus
1200 2817 1358 2907 capitibus
1382 2815 1514 2888 coheret
1537 2839 1669 2886 memo-

321 3219 366 3300 (1)
387 3222 463 3280 Heic
483 3239 538 3302 pro
558 3241 589 3279 re
610 3233 678 3279 nata
698 3217 930 3281 animadvertere
950 3218 1080 3300 proderit
1095 3221 1226 3279 unciam
1247 3219 1375 3279 inferiori
1388 3222 1478 3280 ctiam
1492 3239 1565 3280 aevo
1586 3241 1672 3280 usur·

240 3343 342 3409 patam
362 3329 449 3391 fuisse
470 3353 503 3390 ea
524 3333 656 3405 notione,
677 3351 738 3411 qua
758 3331 831 3391 olim
859 3329 941 3413 apud
963 3333 1126 3410 Romanos,
1149 3353 1256 3414 nempe
1276 3346 1311 3392 ut
1331 3330 1500 3392 duodenam
1520 3331 1673 3392 denotaret

239 3456 355 3524 partem
375 3462 498 3518 rerum,
518 3464 596 3523 quae
616 3445 647 3502 in
667 3457 764 3524 partes
784 3443 941 3505 duodecim
961 3444 1055 3506 dividi
1081 3459 1302 3507 consueverunt.
1323 3449 1390 3510 Hac
1410 3447 1539 3508 maxime
1560 3443 1673 3524 signifi-

241 3557 355 3617 catione
375 3557 503 3618 occurrit
523 3557 553 3616 in
570 3557 707 3639 plurimis
726 3561 848 3621 vetustis
861 3560 1078 3639 instrumentis,
1101 3582 1172 3620 cum
1192 3560 1229 3621 de
1249 3559 1439 3643 praediorum
1458 3582 1595 3622 mensura
1615 3581 1672 3621 ser·

240 3689 290 3726 mo
311 3683 362 3728 est.
393 3667 502 3746 Quoad
533 3689 604 3729 vero
633 3684 728 3729 terrae
753 3672 904 3751 spatium,
940 3671 1022 3751 quod
1047 3673 1145 3731 uncio
1171 3671 1448 3752 complectebatur,
1480 3667 1673 3750 ἆρχαιόλογοι

241 3778 363 3858 quidem
383 3798 505 3852 omnes,
528 3801 563 3839 ac
583 3781 742 3863 praecipue
762 3779 925 3839 Gerbertus
945 3777 1027 3862 apud
1048 3781 1169 3841 Pezium
1191 3779 1203 3860 (
1227 3780 1318 3841 Thea.
1356 3779 1464 3840 anecd.
1498 3789 1571 3839 tons.
1601 3783 1673 3842 ΙΙΙ.

239 3901 323 3968 part.
344 3895 396 3952 11.
413 3911 490 3970 pag.
511 3890 583 3971 74)
605 3890 770 3950 docuerunt
789 3893 921 3950 unciam
942 3892 1103 3970 antiquitus
1122 3890 1209 3952 fuisse
1229 3891 1396 3952 duodenam
1416 3906 1533 3973 partem
1552 3893 1670 3972 iugeri,

243 4000 325 4080 quod
345 4003 375 4060 in
396 4013 525 4080 quatuor
545 4021 580 4059 ac
601 4001 704 4079 viginti
723 4001 873 4081 perticas,
900 4001 1040 4059 nimirum
1060 4001 1091 4059 in
1111 4021 1212 4083 passus
1232 4015 1291 4074 240
1312 4003 1342 4060 in
1366 4001 1514 4080 longum,
1543 4021 1577 4060 ac
1603 4021 1673 4081 pas-

242 4134 288 4173 sus
312 4128 368 4173 120
392 4111 539 4171 inlatum
567 4133 583 4170 a
615 4110 908 4192 decempedatoribus
937 4110 1136 4173 dividebatur.
1160 4113 1275 4174 Verum
1306 4134 1359 4194 per
1384 4113 1519 4194 sequiora
1539 4127 1674 4196 tempora

243 4223 341 4283 uncia
360 4242 420 4281 non
440 4243 535 4281 unum
555 4242 669 4305 semper
699 4221 838 4303 idemque
865 4243 1002 4304 agrorum
1023 4225 1152 4306 spatium
1172 4221 1344 4284 denotatum
1363 4221 1450 4285 fuisse
1469 4238 1549 4286 recte
1569 4224 1675 4285 admo-

245 4332 318 4391 dum
339 4331 436 4413 arguit
461 4331 640 4392 Fridericius
665 4333 788 4412 (Degl’
797 4337 884 4414 Ipat.
909 4334 944 4394 di
966 4338 1058 4395 Geel.
1074 4355 1150 4414 pag.
1178 4335 1221 4396 68
1241 4333 1374 4416 et158)
1398 4357 1469 4396 cum
1489 4357 1506 4395 e
1526 4337 1674 4397 veteribus

244 4443 447 4522 membranis,
483 4457 549 4504 tum
569 4464 586 4504 e
606 4443 720 4524 legibus
740 4447 809 4518 158,
836 4447 893 4525 159
913 4460 943 4506 et
967 4449 1022 4508 160
1044 4467 1060 4506 a
1084 4444 1337 4526 langobardorum
1356 4447 1437 4529 Rege
1457 4448 1561 4508 Rotari
1581 4447 1673 4520 latis,

243 4573 317 4632 quas
338 4554 436 4635 legere
458 4570 501 4616 est
522 4552 603 4639 apud
623 4553 821 4614 llluratorium
843 4553 943 4633 (Iler.
965 4557 1041 4617 Ital.
1064 4559 1179 4636 Sca-rint.
1204 4560 1294 4618 Tom.
1308 4559 1338 4618 I.
1355 4578 1430 4637 par.
1451 4577 1488 4630 2,
1506 4579 1584 4637 pag.
1605 4559 1674 4638 27).

245 4669 322 4727 Cum
342 4670 421 4728 enim
442 4667 558 4750 legibus
577 4669 655 4728 hisce
675 4669 855 4750 imperatum
879 4683 953 4730 esset
964 4713 973 4743 ‚
1003 4681 1037 4729 ut
1055 4670 1177 4750 quaevis
1195 4667 1360 4731 haereditas
1379 4668 1593 4746 herciscunda,
1617 4670 1677 4730 sive

245 4777 472 4853 immobilibus,
495 4781 556 4840 sive
577 4778 738 4840 mobilibus
758 4779 846 4840 rebus
866 4793 1034 4856 constaret,
1067 4784 1098 4841 in
1118 4780 1269 4843 duodenas
1292 4783 1407 4842 urreisa
1426 4779 1676 4860 distribueretur,

247 4886 316 4946 hinc
336 4884 430 4949 fiebat
449 4903 483 4948 ut
502 4891 638 4963 unciae,
660 4891 690 4949 in
710 4909 784 4969 quas
804 4889 998 4950 haereditaria
1018 4889 1227 4952 dividebantur
1247 4889 1392 4972 praedia,
1413 4891 1530 4952 maioris
1550 4893 1601 4954 vel
1620 4898 1679 4954 mi-

246 5003 323 5061 noris
344 5000 546 5084 amplitudinis
566 5002 748 5078 evaderent,
770 5017 859 5086 prout
879 5005 941 5085 ipsa
961 5001 1080 5086 praedia
1100 5006 1192 5085 magis
1213 5005 1265 5067 vel
1279 5007 1376 5068 minus
1395 5005 1497 5091 ampla
1511 5007 1659 5067 extabant.

1273 5120 1294 5158 ὑ
