4692 6512
1269 623 1411 717 (154)

1255 1001 1258 1008 ,
1299 917 1415 988 xcvo.

528 1216 585 1268 ,m
738 1167 768 1262 †
791 1169 829 1240 ln
852 1167 984 1242 nomine
1007 1169 1133 1240 domini
1149 1165 1202 1240 dei
1225 1166 1396 1238 salvatoris
1411 1166 1516 1238 nostri
1538 1165 1636 1240 ihesu
1663 1163 1777 1237 christi
1804 1164 1985 1260 imperante
2002 1167 2070 1238 do-

520 1328 599 1392 946.
645 1299 735 1370 mino
759 1307 869 1370 nostro
893 1297 1105 1370 Constantino
1136 1295 1374 1390 porfirogenito
1406 1315 1527 1390 magno
1558 1292 1754 1388 imperatore
1789 1314 1875 1364 anno
1909 1293 2073 1366 tricesimo

645 1425 771 1496 octabo.
796 1424 858 1494 Die
881 1445 966 1494 nona
988 1423 1107 1494 mensis
1130 1421 1241 1494 martii
1264 1420 1440 1495 indictione
1464 1429 1582 1517 quarta
1604 1421 1745 1516 neapoli.
1771 1419 1908 1491 &muru
1943 1429 2073 1493 estnon

647 1550 853 1622 benedictum
875 1547 1035 1621 humilem
1057 1547 1248 1642 Qmenum
1272 1545 1463 1616 monasterii
1485 1555 1674 1618 sanctorum
1707 1544 1806 1640 sergii
1836 1555 1872 1618 et
1892 1543 1990 1617 barbi
2014 1547 2073 1642 qui

648 1702 734 1750 nunc
758 1687 971 1771 congregatus
994 1699 1028 1750 es
1063 1677 1099 1746 in
1121 1673 1320 1748 monasterio
1343 1688 1531 1746 sanctorum
1560 1674 1710 1747 theodori
1741 1684 1775 1747 et
1806 1673 1974 1746 sebastiani
2008 1677 2069 1768 qui

649 1805 828 1900 appellatur
855 1804 1012 1897 casapicta
1035 1803 1136 1876 situm
1159 1803 1194 1873 in
1223 1801 1428 1874 viridarium.
1467 1803 1537 1872 Una
1570 1823 1648 1871 oum
1675 1807 1790 1872 cuncta
1823 1801 2074 1894 congregatione

650 1933 886 2007 monachorum
901 1933 1001 2028 ipsius
1017 1933 1095 2006 dicti
1111 1933 1214 2004 sancti
1227 1930 1331 2002 nostri
1346 1929 1547 2002 monasterii.
1565 1930 1596 2000 A
1612 1929 1752 2024 presenti
1774 1927 1829 2001 dia
1855 1931 2076 2025 promtissima

651 2063 818 2136 voluntate
835 2061 1109 2134 Venumdedimos
1125 2069 1158 2132 et
1174 2057 1367 2130 tradidimus
1383 2057 1442 2127 tibi
1459 2057 1591 2129 iohanni
1608 2056 1768 2132 monacho
1784 2069 1896 2134 nostro
1911 2059 1961 2156 (t)
1973 2063 2077 2134 amd-

653 2192 751 2262 titano
775 2189 843 2258 filio
865 2187 999 2282 quidem
1023 2184 1110 2256 leoni
1135 2183 1318 2256 amalfitani.
1342 2184 1435 2254 tDest
1459 2184 1622 2278 integrum
1654 2206 1807 2278 campum
1841 2195 1991 2264 nocuum
2020 2189 2078 2285 qui

655 2325 789 2386 vocatur
813 2316 966 2384 soranum
988 2335 1054 2382 uua
1076 2331 1153 2381 cum
1172 2309 1300 2402 integra
1323 2308 1464 2402 corrigia
1488 2308 1536 2406 (e)
1559 2310 1599 2382 do
1614 2319 1699 2382 terra
1716 2319 1825 2381 nostra
1845 2335 1912 2408 que
1944 2326 2079 2385 vocatur

654 2441 850 2514 sosmtetlum
866 2439 987 2512 ibidem
1003 2439 1176 2510 coniuncta
1200 2437 1283 2508 iuris
1306 2435 1408 2530 ipsius
1423 2435 1503 2508 dicti
1529 2437 1632 2508 sancti
1649 2439 1753 2510 nostri
1771 2441 1960 2514 monasterii
1975 2443 2080 2537 posita

735 2745 781 2828 (1)
802 2745 942 2819 Lectori,
971 2745 1023 2824 qui
1044 2743 1238 2803 monasticam
1257 2755 1374 2805 tantum
1398 2759 1568 2805 nostrorum
1593 2758 1763 2828 temporum
1793 2745 1985 2832 disciplinam
2008 2772 2080 2834 prae

657 2859 753 2921 oculis
772 2861 902 2936 habeat,
924 2856 1084 2938 quidpiam
1100 2853 1223 2916 sortasse
1237 2855 1443 2918 admirationis
1458 2856 1639 2919 corrssabitur
1658 2878 1696 2920 ex
1714 2879 1751 2920 eo
1760 2904 1772 2937 ,
1795 2863 1877 2942 quod
1892 2864 1924 2925 in
1938 2866 2083 2946 praesenti

655 2974 830 3036 membrana
844 2970 1008 3032 monachus
1028 2969 1081 3030 sibi
1101 2988 1119 3028 a
1132 2968 1310 3031 monasterio
1324 3011 1334 3041 ,
1355 2968 1394 3029 ad
1409 2967 1494 3050 quod
1509 2971 1571 3053 ipse
1585 2969 1769 3053 pertinebat,
1790 2973 1912 3056 praedia
1927 2975 2084 3057 quaedam

657 3087 805 3150 coemerit.
829 3085 945 3147 Verum
967 3103 1085 3146 necesse
1106 3096 1150 3143 est
1171 3101 1244 3144 cum
1264 3079 1430 3145 Fridericio
1454 3083 1467 3162 (
1490 3085 1681 3164 Degt'lpott
1705 3085 1741 3148 dt
1762 3091 1866 3150 Gaetu
1890 3107 1967 3168 pag.
1992 3093 2083 3174 apo)

656 3197 743 3260 fateri
762 3196 906 3280 regulas,
938 3215 1014 3276 quas
1040 3195 1196 3258 vetustiori
1217 3212 1293 3256 aevo
1311 3192 1453 3256 monachi
1482 3195 1697 3272 sectabantur,
1727 3216 1792 3258 non
1817 3197 1939 3260 easdem
1959 3201 2084 3264 omniuo

658 3308 748 3368 fuisse
768 3327 803 3367 ac
822 3305 914 3380 illas,
935 3325 1014 3384 qaae
1035 3324 1090 3386 per
1110 3306 1277 3366 recentiora
1297 3315 1435 3387 tempora
1455 3303 1663 3370 obtinuerunt.
1682 3307 1888 3386 Quamobrem
1908 3329 2000 3376 nemo
2020 3313 2084 3375 iure

661 3417 881 3489 decimabitur,
910 3413 994 3496 quod
1014 3415 1047 3474 in
1069 3413 1220 3496 plerisque
1241 3414 1391 3477 veteribus
1411 3415 1597 3479 membranis
1617 3419 1762 3498 abbates,
1791 3435 1845 3484 aut
1865 3423 2006 3486 monachi
2027 3425 2085 3486 de-

660 3527 908 3611 prehendantur,
931 3527 985 3607 qui
1007 3540 1219 3590 contractuum
1239 3545 1332 3608 genus
1347 3546 1457 3604 omne,
1480 3541 1719 3612 testamentaque
1738 3531 1952 3596 condiderunt.
1967 3533 2086 3602 Verum

658 3645 735 3704 inter
755 3641 916 3704 monachos
938 3639 1005 3700 istos
1024 3639 1131 3716 fuere,
1154 3640 1209 3720 qui
1231 3637 1359 3700 nullum
1379 3637 1420 3700 ad
1435 3640 1617 3701 coenobium
1631 3644 1866 3724 pertinuerunt,
1887 3665 2084 3710 cumeorum

660 3753 757 3812 vitam
778 3749 940 3822 ducerent,
960 3749 1015 3828 qui
1035 3745 1136 3829 vulgo
1156 3767 1238 3807 nune
1258 3747 1342 3828 apud
1367 3768 1422 3809 nos
1447 3748 1571 3810 Romt‘ti
1595 3766 1837 3834 nuncupantur,
1867 3773 1904 3815 ac
1924 3770 2084 3839 propterea

659 3860 840 3922 monasticae
861 3855 1040 3938 discipliuae
1060 3856 1322 3939 praeceptionibus
1342 3855 1432 3918 nullo
1452 3871 1542 3940 pacto
1563 3857 1825 3923 devinciebantur.

739 3970 785 4053 (α)
806 3969 930 4044 Partes,
954 3968 985 4027 in
1006 3989 1084 4050 quas
1105 3967 1235 4051 aliquod
1256 3967 1417 4049 praedium
1439 3968 1573 4032 divisum
1593 3986 1691 4044 esset,
1720 3975 1892 4056 nuncupari
1916 3974 2085 4059 aliquando

661 4083 814 4161 corrigiae
833 4095 1003 4144 sueverunt.
1022 4080 1058 4140 ld
1079 4100 1152 4142 vero
1167 4082 1296 4142 nominis
1315 4080 1369 4142 etsi
1390 4079 1487 4144 videri
1508 4085 1601 4164 possit
1615 4087 1787 4167 profectum
1802 4107 1840 4150 ex
1858 4107 1919 4165 eo,
1941 4089 2026 4170 quod
2042 4093 2086 4150 oti

663 4197 780 4259 corium
800 4195 833 4256 in
852 4194 957 4274 plures
978 4193 1144 4270 corrigias,
1180 4195 1222 4252 ita
1242 4207 1273 4254 et
1293 4193 1451 4273 praedium
1482 4195 1514 4254 in
1534 4195 1638 4278 plures
1666 4211 1762 4280 partes
1782 4198 2004 4278 dividebatur,
2030 4225 2084 4265 nos

662 4321 761 4367 tannen
774 4301 949 4363 huiusmodi
966 4300 1223 4362 nomenclaturam
1241 4299 1389 4364 derivasse
1403 4304 1503 4382 potius
1517 4305 1702 4366 arbitramur
1716 4327 1733 4368 e
1748 4307 1985 4387 consuetudine,
2007 4331 2085 4394 quae

663 4436 716 4500 per
735 4411 875 4476 inferiora
889 4411 1009 4474 saccula
1023 4411 1140 4471 invecta
1155 4424 1221 4486 est,
1243 4409 1383 4471 metandi
1405 4410 1552 4474 nimirum
1565 4433 1653 4495 agros
1668 4433 1732 4474 non
1747 4417 1885 4498 pertica,
1908 4417 1964 4479 sed
1984 4439 2082 4498 sega,

662 4546 772 4608 nempe
791 4523 872 4584 sune.
892 4523 985 4584 Hunc
1005 4520 1142 4604 profecto
1162 4539 1278 4582 morem
1298 4519 1402 4602 palam
1421 4519 1536 4584 faciunt
1561 4543 1625 4584 non
1645 4523 1735 4586 modo
1760 4525 1919 4608 complura
1943 4541 2087 4591 veterum

663 4635 911 4697 membranarum
931 4630 1070 4712 exempla
1089 4630 1171 4712 apud
1192 4631 1339 4710 Cangmm
1359 4630 1415 4712 (o.
1437 4633 1519 4711 Saga
1533 4630 1546 4712 )
1557 4677 1567 4710 ,
1596 4651 1704 4693 verum
1725 4631 1817 4694 etiam
1838 4631 1994 4717 quoddam
2017 4641 2088 4699 anni

666 4747 745 4810 1032
764 4748 995 4806 instrumentum
1011 4749 1158 4823 Augustae
1173 4741 1377 4804 Taurinorum
1397 4744 1474 4804 inter
1489 4742 1650 4804 Hecatae
1658 4747 1784 4825 patriae
1798 4755 2008 4808 monumenta
2025 4770 2086 4810 nu-

664 4879 718 4940 per
730 4856 847 4917 editom
869 4855 882 4935 (
896 4855 1089 4916 Cleomenem
1104 4861 1177 4915 tom.
1195 4855 1224 4912 I.
1233 4871 1309 4932 pag.
1327 4853 1391 4934 498
1401 4850 1435 4934 ),
1459 4852 1510 4914 ubi
1524 4852 1635 4934 legitur
1647 4875 1656 4918 ε
1669 4853 1777 4916 Habet
1787 4875 1849 4936 per
1859 4856 1944 4918 iusto
1955 4875 2087 4919 anemu-

665 4985 735 5025 ram
751 4973 965 5026 mensuratam
975 4983 1064 5041 sogor
1086 4965 1123 5024 V
1121 4965 1165 5023 II.
1178 4962 1254 5025 Cum
1270 4979 1342 5023 vero
1362 4960 1456 5042 ipsam
1476 4978 1586 5040 sogam
1600 4961 1768 5044 aliquando
1783 4963 1940 5026 coriaciam
1956 4967 2088 5030 eaddsse
