4658 6508
305 1110 343 1178 ln
362 1105 494 1179 nomine
516 1102 640 1177 domini
660 1099 712 1172 dei
727 1095 894 1168 salvatoris
913 1089 1016 1166 nostri
1036 1087 1131 1159 lhesu
1147 1080 1283 1155 Christi:
1300 1081 1480 1174 Imperante
1496 1074 1628 1148 domiuo
1699 1100 1752 1148 an.

211 1250 323 1309 nostro
337 1234 549 1308 Constantino
571 1251 690 1323 magno
706 1228 905 1319 Imperatore
920 1241 1004 1290 anno
1019 1214 1173 1286 vicesimo
1189 1219 1307 1306 quaarto
1327 1213 1383 1282 sed
1399 1223 1432 1279 et
1447 1229 1583 1280 romano
1599 1215 1631 1276 et
1687 1209 1770 1270 931.

158 1418 163 1429 .
212 1365 405 1434 christoforo
421 1361 490 1431 eius
506 1359 574 1428 tilio
589 1353 715 1446 magnis
730 1345 979 1444 imperatoribus
995 1365 1078 1414 anno
1098 1339 1271 1412 undecimo
1287 1339 1340 1410 die
1356 1339 1494 1409 secunda
1514 1335 1633 1408 mensis

212 1485 350 1556 ianuarii
366 1483 541 1555 indictione
556 1487 672 1574 quarta
687 1475 852 1570 neapolim
867 1474 1001 1545 Certum
1014 1477 1062 1542 est
1077 1489 1137 1536 uos
1157 1488 1271 1536 ursum
1286 1464 1425 1536 liberum
1446 1460 1636 1555 adoptibum

212 1616 345 1708 quidam
360 1611 494 1682 iohanni
510 1613 628 1704 depera
644 1619 676 1680 et
691 1605 809 1678 natalia
827 1603 969 1696 iugales:
1000 1625 1019 1669 a
1035 1597 1175 1693 presenti
1193 1597 1246 1668 die
1270 1597 1386 1669 offerre
1402 1604 1435 1665 et
1449 1594 1638 1666 offeruimus

215 1737 307 1806 vobis
323 1736 457 1808 domino
472 1732 641 1806 benedicto
655 1731 809 1824 religioso
829 1727 985 1820 igumeno
1000 1721 1260 1816 congregationis
1276 1731 1461 1792 sanctorum
1487 1721 1584 1816 sergii
1608 1733 1639 1791 et

215 1863 329 1933 bacchi
344 1864 402 1957 qui
417 1885 504 1934 nunc
520 1862 707 1956 congregati
722 1881 791 1930 esse
805 1859 934 1930 videtur
949 1856 984 1925 in
999 1851 1195 1925 monasterio
1210 1849 1311 1921 sancti
1326 1849 1495 1921 sebastiani
1512 1850 1546 1918 in
1562 1851 1640 1921 viri-

218 1989 322 2058 diario
337 1988 419 2060 idest
434 1986 592 2078 integram
608 1985 791 2080 portionem
806 1991 968 2052 nostram:
987 1985 1026 2054 de
1042 1977 1222 2052 domucella
1238 1977 1285 2071 (1)
1308 1998 1460 2045 unacum
1478 1975 1640 2046 curticella

220 2123 293 2184 ante
321 2137 354 2182 se
379 2113 483 2205 posita
511 2121 543 2182 at
570 2114 711 2184 ficariola
739 2113 830 2183 iuxta
852 2111 1019 2185 ecclesiam
1042 2118 1149 2183 sancte
1166 2103 1280 2202 agathe
1297 2103 1358 2200 (ῆς
1384 2105 1592 2198 inquantum
1610 2117 1641 2176 et

220 2242 358 2311 comodo
385 2241 479 2312 nobis
505 2240 666 2314 dimittere
695 2239 783 2309 visus
814 2239 877 2311 luit
907 2246 1105 2310 memoratus
1137 2235 1270 2330 quidam
1302 2232 1458 2305 iohannes
1491 2232 1640 2303 dominus

220 2379 400 2436 memorato
412 2389 489 2436 urso
501 2367 551 2438 vir
564 2391 656 2437 meus
669 2375 845 2439 memorata
861 2366 978 2435 natalia
994 2389 1002 2432 :
1030 2385 1089 2456 per
1100 2361 1247 2432 chartula
1269 2360 1483 2454 adoptationis
1497 2382 1561 2429 una
1574 2379 1642 2426 cum

221 2489 354 2558 introito
370 2513 430 2560 suo
447 2501 479 2560 et
494 2490 645 2559 omuibus
662 2489 724 2560 sivi
739 2487 990 2582 pertinentibus:
1014 2489 1058 2557 ita
1073 2495 1252 2558 memorata
1267 2486 1393 2578 integra
1410 2483 1561 2577 portione
1577 2505 1644 2552 no-

222 2629 286 2688 stra
314 2619 354 2690 de
377 2629 555 2688 memorata
575 2618 757 2688 domucclla
783 2639 859 2686 cum
886 2617 1051 2686 curticella
1072 2625 1144 2685 ante
1165 2642 1199 2687 se
1220 2626 1253 2686 et
1277 2638 1353 2684 curn
1380 2613 1513 2684 introito
1537 2637 1597 2686 suo
1613 2627 1646 2684 et

222 2746 374 2820 omnibus
388 2746 450 2817 sivi
466 2745 702 2838 pertinentibus
717 2769 736 2812 a
752 2743 845 2818 nobis
860 2743 953 2817 vobis
969 2767 987 2810 a
1004 2743 1055 2812 die
1071 2744 1226 2836 presentis
1242 2743 1305 2812 sint
1319 2743 1433 2817 offerta
1448 2751 1480 2814 ct
1496 2742 1645 2814 traditam

224 2881 261 2941 ut
279 2871 314 2939 in
330 2881 386 2940 tua
401 2869 443 2939 sit
457 2881 615 2962 potestate
631 2870 770 2964 qualiter
791 2896 833 2942 cx
853 2895 891 2940 ea
903 2873 1007 2941 facere
1020 2870 1188 2942 volueritis
1200 2871 1336 2939 liberam
1347 2871 1649 2962 habeatispotesta-

224 3007 308 3067 tem:
332 3003 364 3064 et
381 3017 486 3086 neque
503 3019 521 3062 a
537 2994 631 3063 nobis
645 3003 826 3062 memorato
842 3015 920 3064 urso
936 2993 1040 3062 libero
1056 3004 1089 3063 ct
1104 2992 1219 3063 natalia
1236 2991 1359 3083 iugales
1375 3015 1481 3086 neque
1497 3019 1515 3062 a
1532 2993 1649 3063 nostris

227 3121 401 3192 heredibus
417 3143 522 3214 neque
539 3119 661 3189 anobis
677 3143 847 3213 personam
862 3124 1066 3192 smnmissam
1082 3121 1172 3191 nullo
1190 3131 1334 3214 tempore
1355 3143 1535 3215 numquam
1557 3123 1650 3193 exin-

309 3455 353 3537 (ι)
375 3455 444 3513 Vox
464 3453 639 3514 domueella
651 3501 659 3531 ,
680 3475 771 3535 quarn
792 3451 915 3513 nullum
935 3454 1035 3514 adhuc
1056 3453 1159 3514 retulit
1179 3453 1290 3514 mediae
1311 3469 1340 3515 ct
1360 3455 1479 3515 infimae
1501 3455 1652 3516 latinitatis

228 3565 422 3646 glossarium,
451 3565 580 3623 occurrit
600 3585 658 3622 non
677 3564 766 3624 modo
785 3568 815 3626 in
835 3567 979 3647 praesenti
1000 3564 1124 3644 aliisque
1145 3565 1319 3626 nostratibus
1344 3567 1563 3643 instrumentis,
1598 3586 1652 3624 vc-

231 3695 298 3733 rum
318 3675 407 3733 etiarn
426 3673 457 3730 in
478 3673 626 3754 plerisque
651 3677 846 3734 monumentis
877 3674 958 3756 apud
983 3675 1147 3733 Matinium
1178 3677 1190 3756 (
1215 3680 1298 3753 Pup.
1317 3676 1409 3754 Dipl.
1437 3696 1515 3753 pag.
1537 3675 1604 3736 325
1626 3687 1656 3734 et

230 3785 295 3864 327
308 3785 332 3865 ).
354 3786 492 3845 Alterum
512 3799 661 3865 practerea
682 3787 763 3846 vocis
784 3784 913 3846 eiusdem
934 3785 1170 3861 diminutivum,
1192 3805 1300 3868 nempe
1319 3785 1528 3845 domucellula
1548 3786 1655 3866 deprc-

232 3897 372 3956 henditur
393 3899 422 3955 in
444 3898 576 3976 quodam
598 3901 665 3956 anni
690 3917 744 3975 721
769 3899 946 3958 documento
967 3898 1047 3980 apud
1069 3899 1266 3959 llluratorium
1288 3897 1300 3980 (
1319 3903 1366 3959 A.
1381 3902 1428 3960 M
1444 3903 1524 3962 ΑΕ.
1546 3911 1566 3958 t.
1588 3902 1653 3960 HI.

231 4027 309 4084 rae·
332 4005 395 4086 567
410 4005 431 4085 )·

316 4117 362 4199 (2)
381 4120 415 4177 ln
431 4119 483 4178 via
495 4119 667 4196 ficariola,
686 4119 742 4177 ubi
756 4122 787 4181 S.
803 4119 990 4201 Euphemiae
1005 4122 1158 4184 conditam
1173 4121 1264 4182 fuisse
1279 4120 1446 4182 Ecclesiam
1462 4123 1658 4184 observatum

235 4225 357 4307 quidem
377 4247 394 4285 a
415 4228 503 4287 nobis
522 4231 617 4290 estin
639 4227 841 4292 adnotatione
856 4231 900 4314 (1)
916 4253 985 4316 pag.
1008 4250 1070 4306 24,
1091 4237 1223 4297 extitisse
1245 4257 1367 4318 quoque
1389 4236 1419 4295 S.
1440 4237 1575 4314 Agathae
1597 4235 1659 4296 Ec·

235 4339 355 4400 clesiam
374 4359 430 4399 nos
449 4338 582 4400 addocet
601 4341 778 4403 membrana
798 4346 968 4426 conscripta
990 4343 1038 4405 dic
1059 4361 1097 4405 20
1117 4347 1293 4408 novembris
1314 4347 1387 4407 anni
1411 4350 1483 4406 1181
1493 4393 1504 4426 ,
1526 4367 1604 4428 quae
1624 4369 1660 4408 ex

237 4451 362 4513 archivo
382 4451 415 4510 S.
433 4450 599 4511 sebastiani
623 4449 800 4534 deprompta
831 4453 864 4512 in
886 4474 995 4534 magno
1017 4471 1119 4518 nostro
1139 4471 1309 4520 asservatur
1329 4459 1510 4519 Tabulario.
1540 4459 1576 4518 ln
1597 4457 1660 4517 alio

237 4581 330 4642 porro
351 4560 486 4623 eiusdem
508 4562 624 4625 archivi
642 4562 857 4638 instrumento,
878 4566 961 4626 cuius
980 4581 1068 4628 notae
1089 4567 1315 4649 chronologicae
1336 4568 1373 4626 ob
1387 4581 1565 4627 vetustatem
1581 4564 1660 4624 delc-

239 4689 284 4734 tac
305 4688 389 4750 sunt,
411 4675 486 4736 haec
501 4675 534 4734 iu
562 4689 648 4758 tergo
669 4678 780 4759 scripta
807 4691 982 4738 occurrunt:
1005 4682 1036 4737 S.
1049 4685 1162 4758 Aguta
1181 4691 1227 4741 cst
1245 4683 1338 4740 iuxta
1358 4682 1439 4740 illud
1456 4681 1582 4739 hortum
1602 4699 1660 4738 no-

240 4795 339 4844 strum
359 4787 512 4847 mdorem
541 4789 639 4849 nostri
665 4791 849 4848 monasterii
874 4809 974 4868 prope
1002 4801 1129 4868 portam
1151 4791 1188 4851 de
1202 4795 1322 4871 Dopno
1358 4794 1438 4852 Urso
1459 4788 1661 4872 quodmodo

231 4898 430 4972 factumest
458 4903 689 4962 monasterium
711 4905 741 4960 S.
765 4904 858 4960 Petri
878 4901 915 4960 de
934 4902 1078 4964 „anatella
