4616 6532
911 645 1031 737 (2⁵)

254 801 353 870 isauri
377 801 523 894 germani
546 811 578 869 et
603 801 664 872 thii
687 803 817 871 nostri:
857 803 952 872 etde
977 825 1044 871 uno
1080 800 1199 894 capite
1222 809 1313 894 parte
1348 802 1526 872 meridiana
1562 801 1679 870 hortua

253 936 435 997 memorato
458 925 593 996 domino
616 925 756 996 iohanne
780 927 890 996 isauro
907 949 1062 1019 germano
1077 939 1109 998 et
1127 927 1197 998 thio
1211 941 1323 998 nostro
1348 939 1380 998 et
1396 927 1549 1022 gregorio
1565 928 1678 998 isauro

252 1072 409 1142 germano
433 1059 465 1120 et
489 1049 559 1120 thio
583 1061 696 1118 nostro
723 1063 755 1119 et
790 1049 923 1119 hortum
948 1050 1073 1122 domini
1108 1051 1258 1121 iohannis
1290 1052 1358 1122 lilio
1383 1051 1508 1122 domini
1531 1052 1678 1145 stephani

251 1176 374 1245 tribuni
406 1178 503 1248 etde
527 1173 591 1244 alio
615 1176 721 1268 capite
744 1187 836 1268 parte
859 1178 1086 1269 septentrionis
1109 1189 1159 1249 est
1180 1189 1359 1248 memorata
1383 1178 1517 1249 ecclesia
1549 1187 1674 1248 nostra:

250 1309 283 1367 et
305 1299 438 1369 hortum
469 1297 594 1370 domini
618 1297 767 1370 iohannis
792 1298 897 1369 lilium
932 1299 1070 1392 quidam
1105 1299 1230 1369 domini
1259 1298 1321 1368 elia
1356 1301 1476 1370 iterum
1510 1301 1677 1370 ollerimus

248 1425 309 1493 tibi
332 1425 422 1495 beata
449 1427 580 1516 eufimia
604 1437 637 1494 et
660 1427 694 1495 in
718 1436 897 1497 memorata
920 1435 1028 1495 saneta
1052 1433 1162 1494 nostra
1185 1424 1318 1497 ecclesia
1342 1435 1375 1496 et
1406 1426 1570 1519 integrum
1601 1424 1678 1493 hor-

247 1547 390 1618 ticellum
405 1561 554 1618 nostrum
578 1549 679 1619 alium
695 1550 789 1643 :qui
810 1561 857 1620 est
873 1549 965 1618 iuxta
987 1548 1158 1642 piscinam.
1177 1547 1404 1617 comunalem:
1429 1571 1495 1617 ama
1518 1569 1594 1617 cum
1618 1547 1677 1616 in-

245 1673 348 1744 troitu
370 1696 431 1744 suo
448 1683 480 1744 et
495 1673 646 1744 omnibus
670 1673 733 1744 sivi
756 1671 1016 1766 pertinentibus:
1042 1670 1077 1740 in
1100 1693 1141 1739 eo
1157 1681 1269 1742 tenore
1294 1679 1331 1738 ut
1354 1669 1454 1738 totius
1477 1669 1544 1739 vite
1567 1679 1676 1738 nostre

244 1812 422 1871 memorate
458 1799 580 1870 matrix
618 1811 651 1870 et
684 1799 750 1870 lilia
784 1808 963 1870 memorata
999 1797 1117 1868 hortua
1154 1809 1187 1867 et
1222 1805 1402 1868 memorata
1435 1793 1569 1864 ecclesia
1600 1818 1676 1864 cum

245 1923 397 1994 omnibus
421 1923 484 1994 sivi
514 1923 750 2015 pertinentibus
785 1923 820 1992 in
853 1933 964 1992 nostra
999 1923 1041 1992 sit
1063 1931 1222 2015 potestate
1257 1917 1387 1990 tenendi
1420 1929 1453 1988 et
1487 1919 1674 1990 dominandi

244 2051 372 2123 lruendi
396 2063 429 2121 et
452 2049 640 2122 comedendi
664 2051 717 2120 vel
741 2049 881 2142 qualiter
904 2049 1022 2119 exinde
1044 2051 1151 2119 lacere
1179 2046 1381 2116 voluerimus
1414 2045 1580 2114 innostra
1611 2045 1675 2114 sint

242 2187 420 2268 potestate:
439 2177 510 2245 sive
527 2175 555 2244 si
572 2173 664 2246 ambe
681 2174 842 2244 fuerimus
857 2173 911 2244 vel
922 2173 980 2266 qui
996 2197 1038 2242 ex
1055 2171 1150 2242 nohis
1165 2170 1386 2264 supervixerit
1402 2170 1541 2264 qualiter
1557 2171 1674 2242 exinde

240 2306 346 2374 facere
369 2275 579 2397 iudicareque
602 2302 742 2374 voluerit
764 2302 799 2370 in
823 2324 881 2370 sua
905 2303 947 2372 sit
968 2311 1154 2394 potestate:
1188 2309 1418 2371 verumtamen
1442 2300 1470 2369 si
1492 2312 1672 2370 memorata

240 2441 350 2500 nostra
373 2431 507 2500 ecclesia
530 2453 590 2500 nos
613 2430 707 2500 ambe
722 2439 901 2502 memorate
924 2430 1045 2498 matrix
1069 2438 1102 2498 et
1125 2427 1192 2496 tilia
1209 2435 1265 2496 aut
1284 2428 1344 2522 qui
1361 2449 1459 2520 super
1476 2429 1516 2498 de
1531 2449 1591 2496 nos
1614 2429 1672 2497 vi-

238 2558 326 2626 xerit
348 2557 571 2629 hordinaverit
594 2557 716 2631 ividem
739 2559 808 2629 sive
832 2557 1034 2628 sacerdotem
1057 2555 1112 2626 vel
1134 2553 1333 2624 monachum
1349 2553 1532 2624 nullatenus
1552 2575 1673 2646 presu-

238 2695 328 2754 ment
348 2685 463 2778 quavis
487 2708 625 2779 persona
647 2685 728 2758 illud
751 2709 851 2780 quem
867 2708 927 2756 nos
943 2684 1065 2756 ividem
1080 2681 1365 2754 hordinaverimus
1388 2702 1595 2752 commovere
1618 2679 1671 2749 vel

237 2811 355 2904 quavis
378 2811 542 2904 premium
564 2833 702 2905 querere
725 2833 784 2904 per
806 2809 935 2882 nullum
958 2809 1121 2881 modum:
1156 2805 1239 2876 etsi
1263 2815 1442 2875 memorata
1471 2813 1578 2873 sancta
1601 2823 1670 2871 no-

236 2931 302 3006 stra
325 2939 457 3038 ecclesia
481 2939 664 3012 inordinata
695 2965 714 3009 a
741 2939 836 3010 nohis
863 2936 1078 3008 remanserint
1112 2945 1187 3028 post
1220 2934 1349 3005 ovitum
1379 2943 1556 3002 nostrum:
1593 2941 1670 3002 tunc

235 3064 428 3138 hordinetur
451 3092 489 3137 ea
524 3067 698 3158 igumenus
732 3068 790 3158 qui
824 3067 923 3136 fuerit
953 3065 988 3134 in
1019 3063 1271 3154 congregatione
1303 3070 1488 3129 sanctorum
1518 3058 1604 3151 sergi
1637 3067 1670 3130 et

233 3190 329 3260 bachi
352 3193 411 3286 qui
434 3214 521 3261 nunc
544 3201 738 3284 congregata
751 3195 830 3260 'esse
852 3189 983 3258 videtur
1004 3189 1039 3254 in
1062 3185 1255 3256 viridiario:
1281 3185 1402 3278 absque
1419 3184 1509 3253 omni
1526 3185 1665 3277 premio:

232 3317 344 3410 sicque
367 3329 501 3390 tamen:
528 3329 565 3387 ut
588 3329 661 3412 post
684 3340 765 3388 vero
789 3324 937 3385 nostrum
961 3313 1137 3383 ambobum
1160 3313 1354 3382 transitum:
1380 3322 1558 3382 memorata
1582 3311 1668 3381 hor-

232 3453 287 3511 tua
311 3464 387 3512 cum
411 3443 534 3536 piscina
558 3454 591 3514 et
615 3443 767 3514 omnibus
790 3441 852 3512 sivi
875 3437 1112 3532 pertinentibus
1136 3439 1206 3510 sive
1236 3440 1362 3531 integra
1397 3439 1449 3509 vel
1472 3437 1666 3509 indiminuta

230 3569 443 3640 remanserint
467 3571 520 3641 vel
543 3571 570 3640 si
595 3569 728 3665 aliquod
752 3569 873 3640 ividem
898 3593 957 3662 per
979 3591 1187 3663 quacumque
1219 3567 1355 3636 modum
1388 3567 1466 3636 deus
1498 3567 1623 3637 dederit
1648 3595 1666 3637 a

156 3728 161 3736 ·
229 3707 307 3765 tunc
331 3697 392 3765 siat
416 3695 450 3765 in
473 3707 631 3790 potestate
655 3709 688 3766 at
711 3697 884 3768 fruendum
909 3696 949 3764 de
972 3697 1171 3765 sacerdotem
1194 3697 1253 3790 qui
1274 3705 1384 3765 custus
1407 3695 1506 3765 fuerit
1529 3695 1564 3764 in
1587 3719 1664 3766 me-

229 3830 355 3889 morata
379 3821 512 3890 ecclesia
537 3833 569 3892 et
592 3821 714 3894 iridem
738 3822 791 3894 die
815 3831 981 3913 noctuque
1009 3822 1151 3892 officium
1184 3823 1321 3892 lecerit:
1357 3831 1389 3891 et
1421 3820 1602 3892 nullatenus
1625 3824 1665 3892 de

228 3947 332 4037 ipsam
359 3945 491 4015 ecclesia
516 3947 648 4039 aliquod
672 3947 839 4016 subtraere
862 3958 1049 4038 presument
1072 3947 1189 4040 quavis
1211 3969 1348 4040 persona
1372 3970 1430 4040 per
1451 3947 1578 4018 nullum
1594 3969 1665 4017 mo-

229 4072 309 4140 dum
332 4071 401 4140 sive
425 4070 495 4162 ipse
519 4069 692 4161 igumenus
714 4072 768 4141 vel
791 4083 901 4141 custus
925 4083 1103 4144 memorate
1127 4073 1285 4144 ecclesie:
1321 4081 1359 4141 ut
1391 4072 1500 4142 omnia
1531 4095 1665 4144 memo-

226 4207 295 4268 rata
320 4196 413 4266 nohis
437 4219 522 4264 vone
546 4195 723 4264 voluntatis
746 4196 969 4288 complacuit:
1000 4196 1028 4264 si
1051 4199 1126 4290 quis
1149 4211 1258 4269 autem
1283 4208 1316 4268 et
1339 4197 1456 4292 quavis
1482 4199 1582 4268 homo
1605 4223 1664 4293 po-

225 4337 296 4394 tens
320 4323 374 4393 vel
397 4323 558 4414 impotens
582 4333 638 4390 aut
663 4322 703 4391 de
727 4344 846 4414 genere
878 4333 989 4392 nostro
1017 4331 1130 4392 contra
1165 4323 1249 4393 hanc
1285 4335 1429 4394 nostram
1459 4326 1661 4398 offertionem

224 4451 336 4523 venire
360 4450 571 4544 presumserit
605 4472 664 4542 per
700 4451 819 4543 quovis
842 4452 977 4521 modum
1001 4462 1056 4520 aut
1079 4453 1249 4524 sumissam
1274 4476 1445 4548 personam
1466 4463 1522 4523 aut
1546 4478 1583 4524 ea
1608 4455 1662 4524 ir-

222 4579 285 4648 rita
310 4579 363 4650 vel
382 4577 484 4646 hacua
509 4577 615 4644 lacere
639 4575 781 4645 voluerit
804 4587 882 4645 tunc
905 4576 947 4645 sit
969 4577 1094 4680 positus
1122 4579 1213 4648 illam
1245 4581 1303 4674 qui
1335 4581 1399 4650 hoc
1432 4603 1529 4651 ausus
1564 4582 1662 4652 luerit

224 4709 330 4776 lacere
353 4705 413 4776 suh
437 4703 649 4774 anathematis
672 4703 812 4773 vinculis
837 4729 855 4772 a
879 4715 1100 4778 trecentorum
1124 4709 1235 4779 decem
1260 4719 1293 4779 et
1315 4719 1391 4778 octo
1413 4719 1544 4805 patrum
1567 4721 1659 4803 parte

226 4829 385 4922 possideat
409 4851 483 4898 cum
507 4830 585 4899 iuda
607 4827 798 4898 traditorem
822 4828 947 4898 domini
970 4830 1073 4898 nostri
1097 4829 1190 4900 ihesu
1214 4831 1327 4904 christi
1364 4842 1397 4902 et
1432 4856 1509 4902 cum
1543 4833 1658 4903 omni-

224 4954 285 5023 hus
321 4951 469 5022 hereticis
506 4953 637 5043 insuper
674 4952 831 5024 iudicium
868 4963 1052 5024 contemnat
1086 4965 1192 5024 tecum
1229 4954 1323 5026 beata
1359 4957 1489 5028 eufimia
1526 4959 1659 5028 martire

1339 5091 1359 5151 4
