4692 6512
896 637 1045 732 (aaa)

256 793 535 889 atimpleverimus
575 793 636 868 hec
686 800 796 872 omnia
835 800 1000 871 nominata
1041 811 1073 872 et
1114 799 1150 870 in
1189 802 1311 897 aliquid
1351 799 1580 874 offenderimus
1619 825 1678 895 per

258 923 377 1014 quovis
405 923 538 994 modum
567 935 624 994 aut
648 924 825 998 summissis
848 926 1006 1019 personis.
1034 937 1111 998 tunc
1126 928 1352 1022 componimus
1368 927 1462 998 vobis
1477 929 1679 1022 posterisque

260 1046 376 1118 vestris
398 1047 630 1143 nominatoque
652 1057 761 1120 vestro
787 1049 983 1120 monasterio
1010 1049 1083 1120 auri
1104 1049 1225 1122 solidos
1259 1051 1376 1146 viginti
1401 1049 1612 1144 bytianteos:
1646 1059 1680 1120 et

256 1175 317 1247 hec
343 1174 488 1245 chartula
514 1185 552 1248 ut
577 1199 674 1270 super
699 1175 820 1270 legitur
846 1175 888 1246 sit
915 1177 1007 1248 finna
1034 1175 1069 1246 in
1094 1186 1288 1270 perpetuum
1312 1178 1431 1274 scripta
1457 1199 1515 1270 per
1545 1198 1680 1250 manum

257 1300 405 1372 iohannis
428 1301 558 1373 curialis
584 1325 642 1396 per
665 1303 840 1374 indictione
868 1304 1032 1372 nominata

350 1432 422 1498 Hoc
446 1425 624 1521 signum†
649 1449 764 1496 manus
791 1429 964 1498 nominatis
990 1430 1088 1524 sergii
1118 1443 1150 1501 et
1173 1431 1319 1524 stephani
1349 1431 1500 1504 oradellis
1529 1431 1677 1523 cognatis

255 1556 343 1649 quod
369 1577 431 1644 ego
453 1555 511 1646 qui
537 1552 720 1622 nominatos
749 1552 790 1622 ab
816 1553 863 1623 eis
887 1568 1020 1646 rogatus
1050 1581 1111 1651 pro
1132 1559 1178 1628 eis
1208 1557 1427 1652 subscripsi†

350 1680 393 1747 Et
420 1665 497 1747 hoc'
520 1676 731 1748 memorando
765 1675 859 1746 vobis
889 1677 1091 1773 posterisque
1122 1683 1237 1753 vestris
1266 1684 1412 1754 dedimus
1443 1683 1478 1752 in
1511 1685 1676 1752 nominata

256 1803 509 1876 commutatione
536 1802 662 1895 integra
692 1825 757 1872 una
782 1811 867 1872 terra
893 1826 958 1895 que
983 1815 1120 1874 vocatur
1143 1817 1176 1875 at
1206 1807 1346 1876 tribeum
1378 1806 1481 1897 posita
1509 1806 1543 1874 iu
1565 1805 1679 1874 nomi-

254 1939 330 1999 nato
357 1928 430 1998 loco
451 1948 527 1998 cum
555 1925 724 1996 introitum
751 1947 846 1997 suum
874 1927 1090 2021 omnibusque
1119 1930 1182 2000 sivi
1216 1929 1451 2024 pertinentibus
1490 1929 1607 2000 abente
1639 1928 1681 1996 ah

254 2079 319 2126 una
359 2063 450 2146 parte
489 2065 575 2125 terra
613 2075 678 2146 que
717 2075 780 2144 ego
811 2053 995 2124 nominatus
1034 2054 1209 2147 stephanus
1238 2054 1402 2125 venditam
1434 2053 1539 2122 haheo
1573 2072 1608 2120 es
1641 2053 1681 2121 de

255 2185 316 2254 alia
346 2193 437 2275 parte
464 2193 550 2253 terra
579 2181 737 2252 nominati
764 2180 863 2251 vestri
896 2183 1096 2253 monasterii.
1128 2193 1160 2254 et
1198 2183 1238 2253 de
1268 2181 1329 2250 alia
1357 2191 1449 2274 parto
1476 2189 1563 2248 terra
1594 2177 1678 2270 petri

254 2315 293 2382 de
320 2319 481 2381 matrona.
510 2311 549 2382 de
578 2307 639 2378 alia
667 2317 758 2400 parte
777 2308 831 2377 via
858 2308 986 2400 publica
1022 2310 1108 2379 unde
1135 2307 1217 2378 nihil
1254 2307 1347 2379 nobis
1378 2309 1465 2377 intus
1498 2307 1680 2376 nominatas

180 2423 184 2430 ⁸
255 2441 456 2511 coherentias
478 2436 717 2510 reservavimus
743 2445 776 2508 et
802 2435 836 2504 in
856 2445 962 2505 vestra
977 2433 1159 2528 vestrisque
1174 2434 1312 2527 posteris
1333 2433 1375 2502 sit
1401 2442 1559 2524 potestate
1575 2432 1681 2525 quid-

253 2567 333 2662 quid
357 2564 477 2637 exinde
501 2565 607 2634 tacere
630 2560 799 2632 volueritis
827 2559 959 2652 insuper
983 2581 1042 2629 nos
1069 2569 1102 2630 et
1136 2559 1271 2629 heredes
1295 2558 1415 2627 uostris
1442 2557 1535 2626 vohis
1563 2567 1679 2647 poste-

252 2692 363 2785 risque
388 2689 502 2759 vestris
528 2687 569 2755 ab
598 2684 704 2756 omnis
732 2683 878 2754 homines
905 2683 1060 2775 omnique
1093 2703 1230 2774 persona
1257 2689 1415 2751 antestare
1445 2681 1619 2750 debeamus
1646 2688 1680 2750 et

253 2820 281 2889 si
313 2816 406 2886 aliter
433 2816 488 2884 fiat
512 2812 546 2881 in
575 2809 740 2879 nominata
766 2829 871 2901 poena
892 2803 1161 2897 subiaceamus†

349 2945 458 3038 †ego
486 2941 657 3036 gregorius
685 2937 771 3008 filius
793 2937 916 3007 domini
944 2933 1061 3005 marini
1085 2943 1217 3026 rogatus
1246 2958 1264 3002 a
1291 2933 1515 3026 suprascriptis
1541 2932 1677 3003 exadel-

255 3077 291 3146 fis
319 3074 464 3166 cognatis
493 3069 567 3140 testi
597 3063 819 3159 subscripsi†

350 3199 380 3293 †
409 3221 471 3292 ego
499 3197 598 3268 tunitt
625 3194 710 3266 filius
739 3189 862 3262 domini
891 3190 1041 3260 theodori
1068 3199 1200 3282 rogatus
1228 3214 1246 3257 a
1274 3186 1497 3281 suprascriptis
1526 3185 1677 3257 oradellis

254 3330 397 3422 cognatis
423 3326 496 3395 testi
523 3317 742 3414 subscripsi†

350 3457 467 3551 †ego
494 3456 548 3524 leo
577 3453 662 3521 filius
679 3447 802 3519 domini
819 3446 967 3518 iohannis
995 3457 1128 3540 rogatus
1161 3445 1419 3540 asuprascriptis
1436 3443 1587 3514 exadelfis
1613 3465 1678 3511 co-

256 3587 360 3680 gnatis
384 3583 457 3654 tosti
486 3575 706 3672 subscripsi†

349 3708 468 3800 †Ego
484 3705 639 3776 iohannes
655 3700 785 3771 curialis
807 3700 967 3793 complevi
991 3709 1022 3769 et
1047 3697 1168 3768 absolvi
1186 3696 1238 3769 die
1260 3705 1292 3769 et
1312 3695 1487 3766 indictione
1511 3695 1677 3766 nominata

255 3840 393 3914 secunda
411 3835 441 3930 †
