4658 6508
877 625 996 726 (a)

218 788 278 860 hee
302 787 497 880 exemplaris
528 785 675 858 chartule
704 785 957 880 comparationis
985 785 1160 860 memorati
1190 785 1297 858 basilii
1321 785 1448 858 surani
1478 791 1511 855 et
1540 791 1644 862 maria

219 911 342 1005 iugales
365 910 449 982 sieut
471 910 621 1005 superius
644 907 766 1004 legitur
788 934 830 983 ex
854 910 1042 985 authentice
1064 911 1208 985 relevate
1232 925 1264 984 et
1288 913 1328 984 ad
1357 913 1485 1008 singula
1507 913 1642 986 relectas

217 1061 278 1132 pro
301 1040 371 1112 eius
394 1040 547 1114 firmitate
571 1061 671 1114 mauu
693 1060 766 1111 mea
790 1039 924 1133 propria
947 1039 1172 1137 subscripsi†
1197 1040 1248 1136 (5)

283 3851 329 3931 (5)
349 3850 546 3917 Perseiustae
566 3850 781 3934 neapolitanae
803 3851 884 3913 urbis
905 3849 1151 3914 eonsuetudines
1176 3850 1450 3911 instrumentorum
1470 3849 1630 3928 exemplu-

202 3965 302 4023 tionas
323 3984 340 4023 a
361 3963 511 4025 Primario
540 3963 631 4026 simul
655 3984 727 4026 cum
745 3937 914 4025 Tabuiario
943 3961 1062 4026 absolvi
1082 3961 1245 4039 iubebant,
1278 3973 1370 4042 prout
1398 3961 1627 4022 observavimus

201 4091 270 4152 pag.
283 4070 323 4132 36
345 4069 481 4132 aduolat.
493 4071 552 4153 (a),
574 4087 603 4133 ei
623 4092 691 4156 pag.
705 4073 744 4134 52
766 4071 902 4136 adnotat.
917 4069 973 4156 (6).
987 4073 1127 4134 Praesens
1148 4086 1250 4132 tamen
1272 4067 1485 4131 documentum
1505 4069 1543 4131 ab
1562 4089 1626 4131 uno

202 4181 352 4242 l‘rimario
371 4179 587 4259 exemplatum
606 4180 696 4242 inisse
714 4183 817 4261 ipsum
838 4203 891 4264 per
916 4203 945 4243 se
965 4180 1103 4244 ostendit.
1125 4185 1212 4242 Hanc
1226 4200 1300 4242 vero
1320 4179 1359 4238 ob
1377 4198 1497 4240 oaumm
1518 4176 1629 4242 esseae

200 4293 419 4374 postulandum
440 4293 531 4356 nullo
550 4293 677 4378 quidem
698 4309 786 4376 pacto
811 4296 944 4358 videtur.
965 4295 1042 4356 Nam
1064 4296 1088 4354 si
1107 4308 1171 4354 rata
1190 4293 1382 4356 habebantur
1405 4295 1602 4356 iustrumenta
1614 4339 1623 4370 ,

201 4425 280 4485 quae
300 4405 436 4468 absoluta
458 4407 691 4490 subscripiaque
710 4407 829 4470 fueraut
850 4407 1029 4468 aPrimario
1055 4419 1177 4490 gerente
1199 4409 1281 4471 vices
1300 4405 1496 4484 curialium,
1516 4407 1625 4487 quibus

200 4535 280 4576 mors
296 4518 491 4580 instrumenta
506 4519 612 4582 eadem
627 4517 782 4580 absolvere
797 4541 832 4580 ac
854 4519 1035 4580 subscribere
1049 4517 1260 4601 prohibuisset,
1284 4532 1318 4580 ut
1332 4539 1399 4602 pag.
1413 4519 1452 4578 23
1471 4516 1569 4578 adnot.
1579 4517 1625 4598 (8)

200 4625 353 4700 diximus,
387 4647 442 4690 cnr
462 4642 544 4690 rutae
573 4630 670 4691 mirans
700 4626 861 4690 habendes
892 4627 1017 4691 fuissent
1037 4643 1176 4690 veterum
1195 4629 1439 4692 membranarum
1460 4627 1626 4706 exempla-

199 4740 321 4817 eones,
345 4759 422 4822 ques
441 4742 607 4804 Primarius
627 4743 690 4822 ipse
710 4742 773 4801 sine
794 4739 960 4804 Tabulario
980 4740 1180 4825 coniecisset?
1207 4743 1346 4804 Primerii
1368 4739 1493 4823 quidem
1514 4759 1622 4800 munus

197 4852 223 4912 ei
254 4853 439 4935 potissimum
460 4854 602 4932 Curiali,
635 4859 689 4939 qui
710 4853 774 4920 fide
795 4873 831 4920 ec
851 4857 1017 4939 integritate
1036 4877 1097 4920 sese
1118 4858 1261 4919 omuibus
1283 4857 1456 4939 probasset,
1485 4853 1623 4916 mandari

197 4966 358 5033 cousuevit.
378 4969 437 5045 Qui
457 4991 546 5052 porro
579 4968 612 5032 id
633 4971 763 5034 muneris
788 4985 933 5038 assecutus
961 4969 1078 5046 iuerat,
1108 4969 1181 5032 adeo
1201 4967 1372 5032 Curialibns
1392 4969 1556 5042 universis,
1588 4989 1622 5030 ac

1159 5100 1196 5155 11
