4692 6512
867 640 1016 736 (117)

833 901 984 977 xxxin.
1013 897 1061 998 (¹)

326 1062 423 1158 †In
446 1064 579 1137 nomine
604 1061 729 1137 domini
764 1062 818 1136 dei
850 1063 1020 1134 salvatoris
1047 1059 1151 1131 nostri
1181 1058 1276 1134 ihesu
1299 1058 1421 1132 christi.
1453 1062 1655 1156 temporibus
1725 1115 1780 1162 an,

227 1189 354 1261 domini
382 1191 510 1262 mastali
534 1188 712 1284 imperialis
734 1189 871 1280 patritii
904 1201 933 1258 et
959 1185 1082 1258 domini
1106 1187 1232 1258 ioannis
1258 1185 1324 1255 0100
1351 1185 1412 1258 lilii
1436 1209 1521 1255 anno
1551 1186 1657 1258 trice-
1709 1218 1793 1284 939,

227 1317 312 1386 simo
339 1340 428 1388 nono
452 1318 502 1412 (2)
520 1318 573 1390 die
597 1315 837 1416 quartadecima
860 1315 980 1386 mensis
1004 1315 1115 1386 martii
1134 1315 1312 1386 indictione
1329 1313 1521 1386 duodecima
1539 1313 1659 1384 amalfi.

306 1595 351 1676 (r)
371 1576 526 1676 Spectmen
546 1596 721 1658 characteris
742 1593 957 1672 amalphitani,
981 1567 1044 1673 quo
1063 1593 1290 1654 instrumentum
1301 1589 1359 1651 hoc
1374 1587 1433 1651 suit
1446 1591 1659 1674 conscriptum,

228 1722 306 1770 extat
325 1710 357 1768 in
377 1706 454 1768 Tab.
475 1709 534 1770 111.
556 1707 613 1770 sub
631 1727 662 1768 n.
684 1726 712 1768 1.

306 1818 352 1899 (a)
373 1815 556 1898 bmalphiae
576 1819 735 1878 Ducatnm
755 1815 885 1884 mastalo
914 1816 1064 1880 Mansonis
1094 1815 1206 1878 Fusuli
1230 1816 1298 1880 filio
1317 1817 1474 1882 obvenisse
1493 1815 1659 1898 Ughellitts

226 1929 328 2008 (stat
349 1948 431 1990 sacr.
450 1937 473 1988 t.
498 1928 574 1991 VII.
587 1948 666 2008 pag.
686 1929 752 2011 237
765 1929 800 2010 ),
822 1943 854 1991 et
874 1929 1018 2011 Capacius
1039 1928 1149 2012 (Ht'st
1169 1948 1262 2010 neap.
1285 1939 1306 1989 t.
1327 1932 1359 1989 I.
1376 1950 1455 2010 pag.
1476 1927 1560 2008 152)
1581 1947 1658 1988 anno

225 2042 308 2119 908,
328 2040 501 2102 chronicon
521 2059 597 2102 vero
617 2039 862 2122 amalphitanam
881 2039 894 2124 (
910 2040 987 2120 Gap.
1006 2041 1057 2102 II.
1070 2059 1149 2119 pag.
1169 2038 1254 2122 ato)
1275 2059 1351 2098 auno
1367 2043 1425 2120 908
1447 2037 1660 2121 prodiderunt.

224 2152 396 2216 Alexander
416 2153 452 2216 de
466 2155 534 2216 Meo
555 2153 696 2239 (40000
719 2153 860 2216 chronol.
885 2174 962 2234 pag.
983 2153 1061 2238 212)
1081 2153 1228 2219 adversus
1247 2153 1470 2228 Muratorium,
1493 2151 1660 2212 Cestarium

224 2289 260 2328 ac
280 2268 409 2328 Pansam
430 2263 561 2326 duorum
582 2263 709 2348 quidem
732 2273 871 2328 veterum
895 2265 1149 2327 documentorum
1178 2262 1345 2327 testimonio
1364 2264 1533 2327 Ma'stalum
1562 2285 1659 2345 neque

225 2377 394 2443 antediem
416 2400 456 2445 20
477 2379 633 2456 Ianuarii,
654 2394 752 2459 neque
772 2393 839 2460 post
858 2378 939 2440 diem
959 2397 1000 2440 20
1020 2379 1197 2460 septembris
1217 2377 1290 2440 anni
1310 2397 1371 2459 900
1390 2377 1505 2438 socium
1524 2375 1662 2459 parentis

224 2494 355 2558 evasisse
376 2494 516 2557 ostendit.
537 2494 718 2578 Opinionem
738 2495 817 2555 banc
837 2515 907 2576 prae
927 2491 1053 2574 reliquis
1074 2489 1318 2576 amplectendam
1338 2491 1453 2554 evincit
1467 2509 1589 2573 quoque
1604 2511 1662 2550 no-

225 2621 321 2669 strum
335 2608 393 2668 hoc
406 2608 656 2683 instrumentum,
673 2605 760 2690 quod
775 2627 846 2668 cum
860 2605 1026 2667 indictione
1036 2605 1127 2666 XIII.
1144 2619 1174 2664 et
1193 2623 1270 2664 anno
1284 2604 1436 2667 XXXIX.
1459 2601 1552 2662 suerit
1571 2621 1662 2681 prae·

225 2733 385 2798 notatum,
407 2719 563 2782 Ducatutn
582 2721 709 2782 Mastali
728 2720 768 2779 ab
788 2739 872 2780 anno
893 2739 954 2798 900
974 2716 1200 2801 supputandum
1221 2737 1279 2779 esse
1299 2715 1453 2798 patefacit.
1467 2712 1661 2776 Dominatio-

224 2837 275 2896 nis
294 2855 368 2897 vero
388 2837 509 2897 societas
529 2836 781 2918 interponentem
796 2831 949 2895 00011010
968 2833 1009 2895 ad
1029 2853 1144 2892 annum
1164 2851 1263 2914 usque
1284 2845 1348 2911 914
1368 2829 1569 2912 perduravit,
1591 2849 1662 2890 cum

224 2943 342 3006 scilicet
361 2948 471 3008 Mauso
490 2965 592 3006 rerum
616 2944 821 3007 humanarum
849 2957 998 3027 pertaesus
1028 2943 1227 3005 casinensium
1246 2942 1475 3004 coenobitarum
1494 2942 1591 3004 vitam
1611 2940 1661 2999 iu-

224 3075 343 3135 grestus
363 3054 445 3132 suit,
471 3069 507 3116 ut
525 3055 609 3116 idem
629 3053 667 3116 de
687 3053 758 3116 Meo
777 3053 790 3136 (
808 3055 830 3116 1.
853 3053 910 3134 c.)
943 3051 1093 3131 tradidit,
1130 3053 1252 3136 eiusque
1273 3051 1355 3115 filius
1375 3051 1457 3114 solus
1478 3051 1659 3136 Amalphiae

223 3164 399 3248 imperavit.

310 3277 459 3340 Mastalus
478 3279 530 3340 hic
551 3279 760 3363 amalphitano
780 3280 914 3362 praefuit
928 3278 1062 3343 Ducatui
1082 3279 1169 3341 annis
1187 3280 1347 3356 XLVIII,
1373 3300 1482 3362 nempe
1502 3298 1599 3362 usque
1620 3277 1660 3338 ad

227 3409 343 3450 annum
358 3392 418 3470 948
426 3431 434 3465 ,
452 3408 516 3470 quo
530 3409 705 3472 supremum
723 3389 801 3450 obiit
814 3389 906 3454 diem.
918 3389 968 3452 Ex
982 3391 1040 3452 bac
1056 3389 1200 3452 diuturna
1215 3390 1309 3473 ipsius
1320 3387 1540 3465 dominatione,
1562 3410 1658 3472 quam

227 3521 315 3566 nemo
335 3521 351 3562 e
371 3500 500 3583 reliquis
522 3497 705 3586 Amalphiae
732 3503 872 3564 Ducibus
904 3506 1112 3588 aequiparavit
1124 3546 1134 3580 ‚
1167 3524 1229 3565 non
1250 3505 1401 3566 immerito
1426 3505 1536 3566 coniici
1561 3517 1661 3588 potest

228 3618 330 3699 ipsum
350 3630 430 3678 recte
448 3617 608 3678 Ducatum
629 3609 863 3680 administrasse.
891 3618 1102 3704 bmalphitani
1122 3621 1201 3684 enim
1225 3621 1308 3684 cives
1334 3617 1421 3682 baud
1449 3618 1539 3680 facile
1560 3620 1660 3680 Duces

226 3730 444 3814 pertulerunt,
475 3729 530 3810 qui
555 3727 773 3790 detrimentum
801 3727 927 3808 aliquod
952 3731 1138 3812 reipublicae
1162 3735 1394 3814 Importassent‚
1428 3743 1459 3790 et
1482 3749 1558 3809 quos
1589 3727 1659 3790 odio

227 3839 396 3914 haberent,
419 3839 455 3899 iis
475 3837 583 3898 oculos
604 3835 719 3898 auferre
740 3850 771 3898 et
791 3837 875 3898 exilii
895 3858 1026 3918 poenam
1047 3839 1184 3920 infligere
1205 3849 1443 3902 consueverunt.
1469 3837 1552 3897 Hinc
1567 3836 1662 3899 fiebat

229 3965 265 4011 ut
284 3949 387 4010 Duces
408 3966 510 4006 rerum
530 3945 724 4028 publicarum
743 3945 994 4008 administrationi
1014 3945 1106 4028 probe
1131 3967 1167 4006 00
1195 3943 1303 4008 sedulo
1328 3942 1497 4008 admodum
1521 3943 1661 4006 consule-

228 4072 321 4129 rent,
343 4070 375 4118 et
393 4055 578 4138 Amalphlae
597 4056 732 4138 siugulos
752 4057 787 4118 in
808 4055 871 4119 dies
891 4055 1061 4140 plurimum
1092 4058 1300 4140 prosperitatis
1324 4055 1499 4134 accederet,
1524 4078 1663 4141 praeser-

229 4174 287 4233 tim
307 4171 340 4230 in
360 4173 472 4249 rebus,
496 4191 576 4253 quae
595 4167 636 4230 ad
650 4169 888 4250 commercium,
909 4173 1194 4255 navigationemque
1209 4184 1385 4256 spectarent
1406 4172 1474 4232 Hoc
1486 4191 1557 4232 sanc
1571 4184 1661 4254 pacto

229 4286 308 4348 inter
328 4284 481 4346 universos
501 4277 677 4345 inferiorum
697 4299 867 4368 temporum
887 4285 1018 4368 populos
1045 4287 1247 4370 amalphitani
1267 4263 1433 4348 maximam
1458 4285 1514 4347 sibi
1533 4282 1662 4366 gloriam

231 4413 465 4483 compararunt,
486 4413 518 4461 et
536 4399 618 4460 ultro
638 4399 773 4484 citroque
793 4399 994 4463 commeando
1016 4421 1089 4462 cum
1108 4399 1275 4483 percelebri
1295 4399 1482 4463 Venetorum
1502 4397 1662 4481 republica

233 4512 380 4596 singulari
399 4510 492 4574 laude
514 4507 758 4590 contenderunt,
781 4527 817 4574 ut
837 4510 967 4575 ostendit
991 4511 1179 4576 Sismoudius
1199 4511 1211 4593 (
1222 4513 1358 4573 Histoir.
1373 4510 1427 4573 des
1443 4509 1580 4590 Republ.
1601 4510 1661 4570 ita·

232 4626 307 4686 lien.
328 4635 348 4688 t.
369 4628 399 4687 I.
418 4624 514 4706 ckap.
536 4629 577 4687 V.
591 4645 671 4706 pag.
690 4623 759 4706 339
774 4623 797 4707 ).
816 4624 865 4687 Ex
889 4625 994 4686 eodem
1017 4623 1194 4685 collaudato
1218 4623 1397 4705 Amalpbiae
1423 4621 1567 4704 regimine
1587 4641 1661 4704 pro·

231 4735 326 4798 sectae
345 4735 469 4796 inerunt
487 4736 570 4818 leges
589 4734 666 4797 illae
677 4779 687 4812 ,
716 4754 793 4818 quae
813 4733 1056 4817 amalphitanae
1082 4733 1207 4795 tabulae
1227 4731 1434 4816 appellatione
1455 4731 1568 4812 ubique
1587 4750 1662 4814 gen-

231 4848 314 4908 tium
330 4847 546 4924 innotuerunt,
567 4861 597 4908 et
617 4866 696 4928 quae
717 4843 770 4908 diu
791 4844 975 4908 desideratae
996 4843 1122 4906 tandem
1136 4843 1303 4926 aliquando
1322 4843 1355 4902 in
1370 4838 1594 4905 vindobonensi
1616 4838 1662 4900 bi·

235 4957 389 5022 bliotbeca
407 4970 543 5041 repertae
561 4955 708 5029 luerunt,
729 4976 766 5019 ac
785 4975 883 5043 nuper
904 4953 1102 5038 neapolitanis
1123 4955 1203 5038 typis
1223 4955 1254 5016 in
1273 4951 1375 5017 lucem
1394 4949 1581 5038 prodierunt.
