4616 6532
890 631 906 722 (
935 635 974 698 ¹⁵
1001 630 1014 724 l

233 809 275 858 ex
299 788 384 882 ipsa.
398 835 650 859 ...........
659 786 816 859 cultaset
837 809 903 857 non
926 787 1029 858 cultas
1052 786 1344 882 appendicibusque
1367 789 1434 860 suis
1456 812 1521 861 una
1537 813 1654 865 cunr..

327 921 458 984 etcum
481 913 551 982 vias
575 918 608 984 et
629 910 776 981 introitas
799 934 912 981 earum
936 920 969 983 et
991 911 1142 982 omnibus
1175 913 1223 984 eis
1255 923 1473 986 amemorata
1496 917 1662 1010 portiones

232 1047 357 1106 nostras
380 1035 573 1129 generaliter
595 1035 676 1106 etin
693 1035 820 1128 integro
832 1033 1066 1128 pertinentibus
1081 1036 1308 1130 undecumque
1324 1045 1381 1108 aut
1395 1041 1662 1132 quomodocum-

232 1185 298 1254 que
320 1161 415 1231 nobis
438 1159 558 1232 ibidem
583 1156 738 1229 obvenire
762 1167 795 1230 et
817 1157 980 1252 pertinere
1002 1157 1147 1230 noscitur
1170 1160 1256 1232 unde
1287 1159 1370 1230 nihil
1393 1163 1487 1232 nobis
1508 1165 1661 1235 remansit

232 1295 289 1356 aut
311 1285 548 1359 reserbavimus
570 1307 630 1356 nec
653 1285 688 1354 in
712 1284 849 1356 alienam
865 1284 1087 1358 commisimus
1110 1295 1266 1380 potestate
1283 1297 1316 1358 et
1341 1313 1361 1358 a
1388 1289 1529 1381 presenti
1553 1291 1605 1364 die
1629 1300 1662 1362 et

232 1410 381 1502 deinceps
404 1435 422 1478 a
446 1409 539 1480 nobis
554 1408 648 1480 vohis
662 1408 882 1480 venundatum
899 1416 932 1480 et
947 1409 1101 1482 uatium
1116 1409 1152 1482 in
1167 1421 1274 1484 vestra
1290 1410 1513 1508 heredumque
1528 1423 1661 1486 vestro-

230 1555 304 1602 rum
327 1532 392 1602 sint
414 1540 570 1625 potestate
594 1530 733 1602 habendi
757 1531 885 1604 tenendi
918 1532 1070 1620 vindendi
1105 1536 1241 1608 cedendi
1271 1536 1412 1607 donandi
1441 1539 1660 1610 commutandi

228 1659 280 1730 vel
304 1659 338 1728 in
361 1658 509 1729 ecclesias
534 1657 730 1729 dismittendi
764 1657 818 1728 vel
850 1657 1009 1752 quiequid
1039 1657 1158 1730 exinde
1180 1659 1285 1731 lacere
1309 1658 1516 1753 iudicareque
1542 1661 1660 1732 volue-

227 1781 297 1852 ritis
321 1781 456 1854 liberam
479 1803 607 1873 semper
631 1779 751 1850 abeatis
782 1788 939 1874 potestate
973 1789 1071 1876 atque
1095 1783 1186 1852 omni
1216 1803 1315 1853 censu
1344 1783 1510 1874 stragula
1535 1783 1584 1877 (4)
1609 1785 1661 1854 vel

229 1919 327 2003 atque
350 1907 442 1978 omni
461 1907 556 2004 pensi
577 1907 627 2003 (5)
652 1931 671 1977 a
693 1908 778 2002 parti
802 1915 912 1979 nostra
934 1907 1050 1978 militia
1073 1909 1298 1979 tantummodo
1321 1906 1412 1980 omni
1436 1931 1523 1980 annu
1555 1919 1588 1980 et
1603 1932 1662 1980 vos

232 2046 265 2108 et
287 2033 422 2106 heredes
444 2033 559 2107 vestris
576 2034 669 2105 nobis
698 2033 883 2128 nostrisque
905 2033 1078 2106 heredibus
1101 2056 1163 2126 pro
1178 2033 1333 2105 exenium
1350 2031 1404 2128 (6)
1420 2035 1497 2105 dare
1520 2035 1664 2107 debeatis

229 2156 360 2250 pullum
377 2179 479 2227 unum
490 2157 631 2226 bonumt
646 2155 735 2226 nulla
747 2155 840 2226 nobis
848 2155 996 2228 mittente
1011 2157 1201 2228 occansione
1216 2165 1249 2226 et
1263 2179 1369 2250 neque
1386 2158 1513 2228 anobis
1527 2181 1661 2232 memo·

228 2290 300 2350 rato
317 2280 475 2352 theodoro
491 2289 524 2350 et
537 2280 627 2373 pitru
650 2278 737 2348 thius
753 2289 786 2348 et
796 2285 915 2373 nepote
937 2301 1044 2373 neque
1057 2302 1076 2348 a
1090 2277 1208 2349 nostris
1222 2278 1396 2350 heredibus
1411 2303 1517 2374 neque
1533 2306 1552 2350 a
1568 2281 1662 2351 nobis

228 2405 375 2498 personis
397 2406 577 2478 summissis
601 2405 650 2502 (7)
667 2405 759 2476 nullo
781 2416 929 2500 tempore
946 2406 1070 2476 nnllam
1086 2405 1203 2478 exinde
1217 2405 1361 2476 habeatis
1377 2429 1585 2502 quaerunque
1600 2431 1661 2478 re·-

221 2756 368 2842 Ι1111111111
388 2759 526 2840 oportuit
549 2756 732 2818 alterutrum
764 2755 931 2830 vicorum,
967 2757 1019 2838 qui
1050 2756 1151 2837 patrio
1183 2777 1268 2818 nunc
1296 2777 1433 2818 sermone
1454 2762 1661 2839 Poms'gla'ano

228 2869 356 2931 'd'Arco
387 2883 420 2930 et
438 2869 642 2946 Pomigts'ano
660 2865 804 2928 d'AteIlss
834 2865 1017 2932 vocitantur.
1047 2867 1190 2949 Uterque
1214 2887 1290 2930 vero
1323 2883 1490 2952 autequam
1521 2873 1661 2954 neapoli-

231 2997 337 3046 tanum
358 3001 488 3063 reguum
506 2981 542 3041 in
567 2979 766 3063 provincias,
802 2979 917 3061 quibus
950 2977 1123 3039 hodiedum
1154 2991 1296 3056 constat,
1325 2980 1541 3059 divideretur,
1576 2985 1656 3048 inter

228 3114 277 3156 eos
289 3093 523 3157 recensebantur
535 3091 641 3168 vicos,
657 3092 711 3171 qui
733 3089 771 3148 ad
785 3090 986 3170 Campaniam
1009 3089 1202 3168 spectabant3
1222 3111 1308 3148 nunc
1328 3106 1431 3151 autem
1451 3095 1661 3174 neapolitanae

229 3207 447 3268 adscribuntur
466 3203 660 3285 provinciae,
683 3201 724 3262 ad
743 3221 839 3283 quam
853 3200 1082 3261 Pumils'ursum
1095 3201 1185 3277 soris
1203 3223 1317 3262 arcum
1336 3205 1398 3262 iam
1418 3225 1515 3288 usque
1536 3209 1664 3268 11111111

229 3335 290 3397 111
309 3316 489 3399 pertinuisse
508 3331 645 3394 praesens
665 3313 725 3374 hoc
743 3314 1000 3388 instrumentum,
1022 3327 1126 3396 utpote
1144 3313 1274 3395 Neapoli
1294 3329 1434 3395 rogatum
1444 3361 1454 3391 ‚
1479 3339 1535 3379 uos
1557 3319 1656 3384 docet.

308 3424 357 3507 (4)
377 3423 505 3504 Regsslu
525 3421 610 3504 apud
630 3419 746 3482 latinos
764 3420 846 3482 idem
867 3416 1189 3506 111111111ὼ111111
1210 3444 1342 3506 graecos.
1376 3429 1455 3488 Cum
1476 3450 1664 3512 11111111-
1756 3493 1757 3498 ,

228 3537 371 3597 cenicum
390 3537 451 3595 hoc
472 3531 667 3595 vocabulum
686 3556 703 3595 a
723 3531 830 3596 latirus
849 3555 973 3618 quoque
994 3549 1177 3615 usurpatum
1198 3539 1433 3617 praestationem
1449 3543 1660 3624 emphyteuti-

226 3669 293 3708 cam
313 3649 507 3723 denotasset,
542 3648 658 3708 lactum
679 3660 724 3708 est
743 3662 778 3708 ut
797 3646 938 3710 eamdem
959 3647 1041 3708 hauc
1064 3644 1313 3727 significationem
1338 3649 1388 3709 hic
1416 3651 1472 3712 sibi
1499 3652 1661 3718 adsciverit

226 3761 318 3821 etiam
339 3779 402 3819 vox
421 3754 538 3834 regula.

308 3868 354 3950 (1)
376 3873 500 3929 Pensm
519 3879 628 3928 vocata
647 3879 690 3926 est
708 3865 893 3946 praestatio,
916 3885 995 3947 quae
1014 3877 1127 3926 statuto
1146 3879 1283 3947 tempore
1304 3867 1400 3949 pendi
1420 3867 1557 3932 debebat.

310 3978 356 4060 (6)
376 3980 543 4039 Eressiasm
561 3997 618 4058 pro
638 3977 765 4050 Xersis,
786 3990 823 4036 ut
842 3975 1112 4038 Essenodoclu'um
1138 3997 1195 4058 pro
1214 3979 1447 4056 Xenodoatto,
1478 3999 1660 4067 usurpatum

230 4087 321 4151 fuisse
340 4085 628 4151 animadverterunt
647 4100 714 4147 tum
734 4087 868 4166 Csugius
887 4089 918 4148 iu
938 4089 1021 4149 hisce
1040 4091 1192 4167 vocibus,
1214 4106 1279 4152 tum
1300 4093 1495 4158 C.Ma1·iuius
1516 4100 1550 4160 iu
1564 4104 1659 4182 priori

230 4201 269 4262 ad
289 4221 442 4286 papyrum
462 4199 653 4264 cxxxvn
673 4198 864 4262 adnotatione
884 4199 897 4283 (
905 4221 983 4281 pag.
1001 4202 1246 4286 1711111111
1266 4227 1340 4269 vero
1358 4207 1417 4271 iuit
1435 4212 1568 4273 xenium
1581 4213 1659 4277 olim

229 4331 342 4372 munus
362 4311 532 4393 hospitibus
552 4309 716 4387 oblatum,
736 4324 840 4392 postea
861 4311 1027 4394 praestatio
1046 4333 1169 4392 annua,
1189 4337 1269 4400 quae
1288 4319 1425 4383 muueris
1446 4321 1517 4387 vice
1537 4325 1660 4388 11111-

229 4421 276 4482 nis
305 4433 360 4480 aut
378 4419 586 4502 emphyteutis
606 4420 640 4480 in
661 4416 792 4482 dominii
811 4420 997 4500 agnitionem
1019 4421 1219 4488 offerebatur.

312 4531 357 4615 (7)
377 4535 463 4594 luter
482 4531 657 4608 formulas,
692 4531 805 4614 quibus
826 4539 954 4617 emptori
974 4535 1144 4598 cavebatur
1164 4537 1203 4598 ab
1223 4539 1427 4603 evictionibus
1459 4558 1490 4606 et
1510 4545 1660 4609 molestiis

231 4643 390 4721 omuibus,
409 4664 490 4725 quae
511 4644 568 4704 sibi
586 4641 692 4704 inferri
714 4643 897 4724 potuissent,
916 4664 1011 4726 (11111
1032 4646 1202 4728 saepissime
1223 4666 1390 4712 occurrunt
1411 4655 1659 4734 1111111111νό-

233 4755 358 4814 missue.
379 4755 473 4818 Hisce
492 4754 622 4818 vocibus
641 4750 727 4814 haud
747 4751 885 4813 homiues
904 4750 1074 4818 venditoris
1094 4753 1247 4817 voluntati
1268 4758 1405 4836 subditi,
1427 4781 1533 4822 verum
1548 4765 1659 4826 subor-

233 4864 298 4924 nati
317 4863 505 4928 denotantur.
524 4865 593 4926 Hae
612 4863 751 4946 proiecto
771 4860 994 4943 significatione
1013 4863 1068 4924 vel
1088 4865 1128 4925 ab
1157 4883 1311 4949 argenteae
1340 4869 1501 4934 latinitatis
1530 4876 1659 4958 scripto-

234 4975 321 5038 ribus
340 4975 469 5040 verbum
489 4975 668 5038 submittere
687 4990 865 5058 usurpatum
885 4975 976 5038 tuisse
996 4990 1079 5057 patet
1100 4968 1303 5068 e·Sue¹uuio‚
1327 4983 1381 5064 qui
1404 4983 1435 5044 in
1448 4984 1576 5050 Neronis
1592 4990 1658 5054 rita
