4658 6508
869 668 987 764 (⁸9)

212 820 261 891 bis
285 821 343 891 tivi
376 829 589 894 commutatas
625 833 658 892 et
684 825 817 896 traditas
851 825 886 894 in
914 835 969 893 tna
1004 825 1224 920 heredumque
1248 835 1380 898 tuorum
1405 827 1468 897 sint
1492 835 1645 920 potestate

211 947 349 1041 qualiter
388 949 509 1020 exinde
544 951 650 1020 lacere
685 950 856 1020 volueritis
889 975 928 1023 av
954 952 1087 1022 odierna
1121 951 1174 1021 die
1197 973 1323 1044 semper
1346 951 1480 1023 liberam
1504 953 1646 1024 habeatis

213 1085 431 1167 potestatem:
458 1075 580 1170 absque
603 1077 693 1146 omni
718 1101 850 1149 censum
873 1087 906 1150 et
929 1077 1042 1170 regula
1058 1099 1116 1147 seu
1129 1079 1407 1169 responsaticum:
1442 1090 1475 1152 et
1498 1104 1602 1173 neque
1627 1107 1645 1150 a

210 1205 304 1273 nobis
330 1214 513 1275 memorato
542 1205 713 1276 benedicto
741 1205 875 1275 umilem
905 1227 1104 1297 ygumenum
1140 1225 1203 1272 una
1238 1225 1313 1274 cum
1337 1216 1514 1276 memorata
1539 1220 1645 1278 sancta

212 1340 322 1399 nostra
347 1331 599 1423 congregatione
623 1331 859 1403 monachorum
882 1355 989 1425 neque
1014 1357 1032 1400 a
1055 1330 1173 1400 nostris
1196 1331 1332 1423 posteris
1357 1357 1463 1426 neque
1480 1360 1498 1402 a
1513 1357 1645 1405 memo-

210 1464 299 1523 ratus
334 1465 462 1524 sanctus
498 1465 606 1526 noster
638 1455 853 1528 monasterius
876 1477 982 1550 neque
1007 1481 1025 1524 a
1048 1453 1142 1524 nobis
1166 1457 1312 1548 personis
1336 1457 1515 1528 summissis
1547 1458 1641 1528 nullo

207 1593 353 1677 tempore
377 1585 500 1654 nullam
525 1587 644 1658 exinde
669 1585 814 1657 habeatis
838 1585 1012 1678 aliquando
1035 1595 1182 1676 tempore
1206 1607 1413 1679 quacumque
1429 1587 1640 1680 requisitione

210 1725 266 1780 aut
290 1711 462 1781 molestia:
489 1736 596 1806 neque
620 1722 656 1784 tu
693 1721 890 1783 memoratus
922 1710 1095 1804 stephanus
1129 1711 1279 1781 hisabrus
1310 1713 1369 1806 qui
1392 1735 1490 1804 super
1525 1735 1644 1783 nornen

210 1852 412 1921 sparanum:
440 1853 546 1924 neque
571 1830 635 1900 tuis
659 1829 832 1902 heredibus
855 1853 915 1922 per
938 1831 1067 1899 nullum
1090 1831 1225 1902 modum
1249 1831 1284 1899 in
1300 1831 1465 1924 perpetuis
1490 1834 1644 1924 tempori·

212 1953 327 2024 ribus:
365 1956 501 2046 Insuper
536 1967 569 2026 et
604 1954 645 2023 ab
668 1955 758 2024 omni
782 1953 914 2024 homine
938 1955 1092 2048 omnique
1116 1977 1252 2046 persona
1276 1954 1390 2022 homni
1414 1967 1560 2047 tempore
1584 1979 1643 2025 nos

208 2090 241 2148 et
264 2080 400 2173 posteris
423 2082 540 2152 nostris
564 2090 597 2152 et
621 2091 817 2154 memoratus
841 2092 969 2152 sanctus
994 2089 1103 2151 noster
1126 2081 1340 2153 monasterius
1357 2081 1416 2152 tivi
1430 2082 1558 2176 tuisque
1575 2084 1640 2154 he-

206 2208 338 2278 redibus
362 2219 539 2278 memorata
562 2208 672 2280 inclita
695 2220 782 2282 terra
807 2233 883 2282 cum
906 2209 1058 2280 omnibus
1075 2210 1122 2280 eis
1138 2208 1371 2302 pertinentibus
1395 2208 1478 2278 sicut
1492 2211 1641 2302 superius

206 2333 329 2426 legitur
352 2359 370 2402 a
394 2333 478 2426 parti
502 2333 619 2405 militie
644 2343 677 2405 et
702 2359 719 2403 a
745 2335 890 2427 partibus
913 2335 1191 2428 langubardorum
1229 2343 1386 2406 antestare
1421 2346 1454 2407 et
1478 2339 1642 2409 defensare

206 2460 451 2549 promittimus:
479 2482 540 2553 pro
564 2483 604 2530 eo
627 2462 717 2553 quod
742 2461 782 2529 ad
797 2459 902 2531 vicern
919 2459 1183 2529 commutationis
1200 2460 1571 2555 recompensationisque
1588 2489 1643 2532 ac-

205 2583 351 2674 cepimus
376 2607 395 2651 a
418 2589 450 2652 te
473 2583 508 2652 in
534 2583 696 2655 cambium
722 2585 806 2655 ldest
831 2585 992 2676 integram
1016 2583 1165 2675 portione
1189 2588 1246 2652 tua
1272 2585 1421 2654 deterre
1446 2609 1511 2678 que
1535 2608 1640 2656 voca-

206 2718 261 2776 tur
285 2708 324 2776 ad
347 2707 547 2778 iuuatellum
570 2708 675 2800 posita
698 2730 790 2778 secus
814 2717 960 2776 sanctum
988 2706 1181 2799 stephanum
1205 2709 1246 2777 ad
1269 2708 1447 2779 caucibone
1477 2733 1542 2780 una
1566 2735 1641 2783 cum

204 2832 377 2906 introitum
401 2857 497 2906 suum
521 2835 618 2928 quale
647 2835 707 2904 tihi
733 2835 866 2906 obvenit
892 2861 910 2905 a
936 2835 1139 2905 consortibus
1163 2836 1228 2907 tuis
1259 2845 1291 2908 et
1308 2836 1458 2908 omnibus
1473 2839 1519 2910 eis
1535 2839 1643 2934 perti-

204 2961 372 3031 nentibus:
399 2959 537 3032 habente
563 2961 628 3032 hab
655 2985 723 3033 uno
744 2963 848 3055 capite
872 2971 958 3032 terra
976 2985 1058 3032 anne
1076 2984 1133 3032 seu
1147 2961 1257 3033 blactu
1272 2961 1407 3032 honesta
1422 2965 1541 3034 lomina
1558 2990 1643 3035 era-

207 3089 291 3158 delie
315 3113 467 3181 germane
491 3100 567 3161 tue:
595 3090 690 3162 sicuti
713 3091 867 3162 termines
891 3091 1074 3162 finiuntur:
1101 3091 1185 3160 sicut
1209 3097 1316 3160 nostre
1334 3088 1476 3162 continet
1498 3090 1643 3162 chartula

206 3215 468 3286 commutationis
492 3231 592 3310 quam
615 3225 653 3288 tu
675 3215 769 3286 nobis
793 3215 942 3287 iecistisz
980 3215 1024 3286 ud
1049 3215 1094 3285 ita
1117 3215 1201 3286 inter
1224 3215 1319 3285 novis
1352 3219 1525 3288 convenite
1552 3221 1643 3312 quod

206 3339 233 3406 si
260 3338 355 3408 aliter
378 3339 565 3431 probenerit
599 3341 639 3412 de
673 3341 735 3412 bec
758 3365 824 3434 que
847 3341 996 3434 superius
1019 3364 1084 3434 que
1108 3366 1127 3410 a
1149 3341 1244 3411 nobis
1268 3341 1329 3411 tivi
1362 3351 1561 3414 commutata
1585 3367 1644 3416 seu

204 3463 363 3556 promissa
387 3464 540 3557 leguntur
565 3473 620 3537 aut
645 3467 765 3560 quovis
798 3476 945 3560 tempore
969 3488 1028 3536 nos
1052 3474 1108 3534 aut
1131 3467 1267 3560 posteris
1290 3468 1408 3537 nostris
1432 3469 1485 3541 vel
1509 3493 1641 3542 memo-

205 3601 294 3660 ratus
318 3601 446 3665 sanctus
469 3603 579 3665 noster
602 3594 817 3666 monasterius
847 3595 959 3667 venire
983 3595 1236 3687 presumerimus
1269 3597 1358 3668 etin
1390 3597 1505 3693 aliquit
1527 3601 1642 3672 offensi

205 3718 363 3791 ltrerimus
386 3741 444 3812 per
467 3721 585 3814 quovis
609 3721 744 3792 modum
767 3731 824 3791 aut
847 3720 1026 3793 summissis
1049 3723 1195 3814 personis
1228 3731 1305 3794 tunc
1334 3725 1558 3817 componimus
1580 3726 1641 3795 tivi

204 3845 334 3936 tuisque
370 3845 544 3918 heredibus
579 3849 650 3918 auri
673 3848 793 3920 solidos
829 3847 969 3919 sedecim
1004 3848 1185 3942 bytianteos
1209 3857 1242 3919 et
1264 3850 1324 3920 hec
1349 3849 1495 3920 chartula
1518 3864 1556 3921 ut
1578 3873 1639 3921 su-

205 3995 265 4063 per
299 3972 418 4064 legitur
442 3975 483 4044 sit
506 3973 599 4044 firma
623 3997 722 4069 quum
745 3975 926 4049 chartulam
961 3977 1075 4070 scripsi
1111 4000 1175 4071 ego
1197 3979 1367 4073 gregorius
1387 3977 1520 4053 curialis
1552 3978 1638 4050 scri-

208 4095 286 4168 bere
309 4108 443 4191 rogatus
467 4100 519 4170 die
544 4108 577 4168 et
599 4099 775 4174 indictione
797 4111 976 4174 memorata
1000 4101 1134 4174 decima.

311 4222 335 4302 †
357 4227 615 4283 osunernuorc
636 4229 816 4284 umnuorc
841 4225 866 4305 †

302 4330 333 4426 †
357 4332 440 4402 Saba
463 4330 641 4404 monachus
665 4333 839 4427 subscripsi
863 4332 893 4427 †

304 4459 675 4564 †crnosuorcir'r‘1i
695 4437 956 4566 subscr-m

306 4595 337 4690 †
361 4599 435 4690 Ego
458 4597 510 4668 leo
533 4595 620 4666 filius
645 4595 768 4666 domini
792 4597 927 4689 aligerni
955 4608 1087 4692 rogatus
1121 4623 1140 4668 c
1175 4603 1393 4695 suprascripto
1428 4605 1585 4698 igumeno
1614 4633 1633 4678 e

207 4724 460 4819 congregatione
485 4723 558 4794 testi
582 4723 756 4817 subscripsi
782 4721 814 4817 †

300 4847 330 4942 †
353 4851 426 4941 Ego
449 4847 502 4918 leo
525 4846 658 4920 curialis
683 4859 816 4943 rogatus
840 4863 1058 4927 amemorato
1077 4856 1231 4953 igumeno
1255 4865 1288 4930 et
1304 4855 1553 4952 congregatione
1577 4867 1633 4930 te-

203 4977 259 5046 stis
282 4975 455 5070 subscripsi
478 4973 508 5068 †

1244 5121 1285 5180 12
