4616 6532
1296 546 1390 640 (4)

718 713 886 806 †notitia
911 720 943 781 et
966 731 1072 778 massn
1099 705 1145 799 (8)

767 843 904 912 fundum
928 836 1064 909 materni
1089 833 1227 904 fasulum
1251 853 1309 902 seu
1332 829 1535 899 cutinianum

767 993 826 1062 ρετ
851 967 933 1036 tilios
957 963 1092 1058 luperisi
1115 960 1243 1032 modios
1266 959 1320 1028 lut
1345 967 1377 1028 et
1400 956 1543 1026 turnines
1568 977 1596 1026 tt

769 1114 828 1183 per
852 1089 936 1160 filios
959 1087 1032 1158 rodi
1057 1084 1185 1155 modios
1209 1104 1270 1175 vit]
1296 1091 1330 1150 et
1353 1079 1501 1150 modium
1522 1102 1537 1172 J

767 1239 827 1309 per
852 1215 980 1286 alderisi
997 1225 1030 1284 et
1045 1209 1187 1282 bonerisi
1203 1207 1330 1280 modios
1343 1206 1396 1276 brt
1413 1217 1446 1276 at
1463 1204 1607 1276 luminos
1634 1227 1658 1296 τ]

772 1363 832 1433 ρετ
856 1339 939 1408 filios
964 1337 1051 1409 teudi
1074 1335 1179 1408 modis
1203 1357 1242 1404 τι

773 1486 832 1555 ρετ
855 1485 973 1532 mauru
998 1470 1030 1532 et
1053 1460 1219 1530 rubiolum
1244 1458 1372 1528 modios
1397 1478 1420 1549 τ]

773 1610 832 1680 ρετ
856 1587 940 1658 lilios
963 1586 1065 1656 leonis
1089 1583 1232 1656 catarodi
1256 1583 1383 1656 modios
1408 1583 1493 1652 vde
1517 1581 1597 1652 silba
1622 1580 1717 1673 plana

777 1740 835 1809 per
858 1715 939 1808 lupu
963 1715 1004 1786 de
1028 1712 1113 1783 lucia
1137 1711 1263 1784 modios
1288 1735 1312 1804 τ]

776 1865 834 1936 ρετ
858 1839 1104 1912 theodoracium
1127 1838 1275 1910 modium
1296 1862 1310 1932 J

777 1993 835 2062 ρετ
858 1966 1050 2036 baroncium
1073 1969 1113 2037 de
1137 1968 1215 2036 sassi
1238 1966 1385 2036 modium
1411 1989 1424 2035 1

778 2119 837 2190 ρετ
860 2093 1007 2168 ermerisi
1030 2091 1284 2187 suprascriptum
1318 2115 1332 2162 1
1356 2092 1505 2164 modium

634 2344 2059 2376 W

638 2464 831 2548 Langobardi
849 2467 970 2528 italicae
990 2464 1126 2528 culturae
1150 2463 1298 2547 reliquias
1327 2463 1501 2525 incredibili
1531 2463 1667 2546 quadam
1695 2462 1829 2523 barbarie
1862 2482 1899 2522 ac
1928 2461 2066 2543 squalore

639 2576 828 2652 foedarunt,
858 2593 974 2662 praeter
993 2576 1127 2640 Clericus
1147 2576 1204 2638 vix
1224 2577 1384 2658 quisquam
1405 2574 1552 2652 extabat,
1579 2574 1634 2656 qui
1668 2572 1770 2635 literas
1797 2587 1852 2632 aut
1872 2574 2068 2654 scriptionem

640 2687 748 2750 doctus
767 2703 854 2751 esset.
872 2687 1079 2767 Quamobrem
1095 2707 1157 2747 non
1177 2682 1271 2746 modo
1282 2687 1429 2769 privatis,
1452 2705 1561 2749 verum
1583 2697 1614 2746 et
1634 2683 1705 2765 ipsis
1720 2681 1932 2764 Langobardis
1945 2683 2069 2745 Princi-

642 2801 730 2882 pibus
750 2800 833 2884 apud
854 2821 908 2862 nos
929 2803 962 2862 in
977 2799 1141 2863 condendis
1155 2799 1328 2880 diplomatis
1351 2813 1382 2862 et
1395 2799 1603 2861 instrumentis
1617 2797 1726 2874 Clerici
1739 2817 1862 2881 operam
1876 2817 1963 2859 suam
1984 2817 2068 2858 com·

640 2913 817 2976 modabaut
830 2915 892 2996 Ipsi
911 2937 984 2979 vero
994 2915 1105 2978 Clerici
1126 2935 1143 2975 a
1163 2913 1350 2976 soloecismis
1363 2959 1373 2992 ,
1397 2934 1432 2975 ac
1445 2915 1553 2994 quavis
1566 2912 1624 2974 alia
1638 2915 1783 2975 sermonis
1796 2912 1984 2982 rusticitate,
2005 2933 2070 2994 qua

640 3046 780 3106 praesens
801 3039 941 3088 nostrum
962 3040 1054 3088 scatet
1073 3026 1317 3100 documentum,
1339 3023 1463 3084 minime
1484 3022 1715 3100 abhorrebant,
1738 3023 1856 3105 quippe
1876 3023 1931 3104 qui
1944 3021 2071 3104 politio-

641 3136 721 3196 ribus
742 3136 838 3197 literis
860 3134 1074 3211 addiscendis,
1105 3155 1185 3214 quae
1206 3133 1335 3193 tenebris
1357 3130 1552 3212 consepultae
1571 3144 1644 3191 tunc
1666 3131 1804 3193 iacebant
1816 3173 1826 3206 ,
1848 3131 1929 3192 nibil
1949 3143 2074 3214 tempo-

641 3249 683 3308 ris
706 3268 742 3307 ac
761 3247 933 3308 industriae
956 3247 1203 3308 transmittebant.

725 3353 771 3436 (8)
793 3359 910 3417 Massa
931 3354 998 3420 heic
1018 3373 1074 3436 pro
1094 3374 1201 3415 mussa
1221 3354 1372 3436 scriptum
1392 3352 1540 3417 occurrit.
1570 3353 1640 3416 Hoc
1664 3353 1791 3436 quidem
1811 3355 1968 3419 vocabulo
1987 3375 2073 3418 com-

643 3467 781 3554 plurium
802 3466 1002 3549 praediorum
1022 3466 1256 3543 collectionem,
1281 3489 1360 3550 quae
1381 3489 1465 3530 nunc
1484 3468 1585 3531 italice
1608 3471 1734 3530 Tentata
1759 3484 1911 3548 vocatur,
1948 3471 2073 3532 denota-

645 3595 711 3639 tum
734 3578 825 3640 fuisse
845 3578 1016 3643 docuerunt
1036 3578 1172 3642 Cuiacius
1193 3581 1292 3664 (Oba.
1307 3585 1348 3644 L.
1362 3587 1412 3646 II.
1426 3603 1454 3644 c.
1470 3583 1516 3645 35
1529 3581 1556 3666 ),
1587 3582 1764 3647 Holstenius
1787 3583 1799 3666 (
1818 3587 1854 3645 T.
1866 3588 1918 3646 ΙΙ.
1938 3585 2069 3646 Dracen.

643 3696 720 3752 Lat.
730 3693 797 3754 Ab.
810 3693 993 3756 Zachariae
1008 3715 1042 3774 p.
1059 3714 1103 3778 7⁰
1116 3695 1129 3778 )
1138 3742 1148 3774 ‚
1171 3711 1201 3758 et
1220 3698 1392 3760 Canonicus
1413 3696 1450 3756 de
1464 3696 1586 3759 'Ioanne
1601 3697 1853 3780 inDiplomatico
1873 3698 2001 3762 Siciliae
2014 3697 2073 3760 Co·

647 3804 715 3866 dice
736 3805 797 3886 (T.
819 3810 847 3868 Ι.
863 3829 900 3887 p.
921 3809 990 3879 448
1003 3806 1026 3892 ).
1046 3809 1206 3870 Caietauus
1226 3829 1319 3891 porro
1339 3806 1483 3867 Marinius
1510 3807 1543 3867 in
1558 3807 1820 3886 adnotationibus,
1843 3807 1954 3892 quibus
1974 3828 2073 3892 papp-

645 3937 730 3979 racea
751 3916 933 3999 explanavit
954 3935 1157 3980 monumenta
1178 3919 1238 4002 (p.
1265 3917 1382 4000 300),
1414 3915 1447 3978 id
1477 3917 1608 3980 nominis
1638 3938 1655 3977 a
1686 3931 1798 3999 quarto
1829 3939 1924 4000 usque
1953 3917 2074 3979 saeculo

647 4044 831 4112 usurpatum
852 4029 944 4091 luisse
965 4030 1097 4092 ostendit
1117 4031 1264 4092 adversus
1284 4029 1466 4108 Maffeinm,
1489 4030 1544 4112 qui
1564 4028 1605 4090 ad
1619 4031 1786 4092 recentiora
1799 4029 1881 4091 illud
1895 4031 2075 4113 pertinuisse

648 4155 785 4222 tempora
800 4139 994 4200 existimavit.
1008 4140 1044 4198 ln
1058 4139 1185 4200 huiusce
1206 4159 1280 4202 vero
1295 4139 1488 4201 instrumenti
1502 4139 1586 4201 calce
1602 4160 1673 4201 oum
1687 4157 1896 4204 recenseantur
1908 4163 1970 4203 non
1983 4143 2078 4205 modo

652 4250 872 4330 possessiones,
896 4269 1007 4332 nempe
1029 4247 1143 4310 fundus
1164 4257 1324 4309 maternus
1343 4261 1373 4308 et
1394 4264 1525 4330 quatuor
1544 4259 1667 4329 curtes,
1700 4271 1811 4312 verum
1832 4255 1921 4313 etiam
1941 4268 2076 4336 praesta-

649 4365 746 4424 tiones
766 4385 783 4424 a
804 4363 919 4426 colonis
948 4362 1193 4448 persolvendae,
1222 4363 1332 4425 harum
1361 4365 1450 4426 series
1480 4384 1617 4447 expressa
1648 4365 1709 4426 suit
1728 4387 1804 4430 voce
1825 4368 1978 4448 Neritia,
2001 4389 2076 4451 quae

649 4478 745 4559 praeit
763 4496 895 4548 mansu,
925 4492 957 4540 et
976 4497 1055 4561 quae
1074 4497 1130 4561 pro
1150 4477 1222 4539 serie
1246 4477 1372 4559 quidem
1392 4477 1525 4538 occurrit
1544 4489 1610 4536 tum
1631 4476 1714 4559 apud
1735 4477 1836 4559 ipsum
1856 4477 2024 4540 Matinium
2046 4480 2078 4540 in

650 4586 809 4670 plerisque
830 4585 1047 4664 documentis,
1069 4608 1151 4670 quae
1171 4587 1205 4647 in
1227 4586 1311 4648 calce
1332 4586 1448 4648 habent
1467 4587 1630 4648 Notitiam
1654 4587 1797 4648 Tertium
1809 4631 1822 4658 ,
1842 4609 1879 4650 ac
1899 4590 2076 4669 praesertim

654 4699 684 4754 in
705 4695 866 4780 περιβοήτῳ
887 4717 1006 4780 papyro
1026 4696 1155 4758 CXLIII
1167 4741 1177 4774 ,
1211 4717 1290 4778 quae
1310 4697 1445 4779 incipit:
1467 4697 1594 4758 Netinis
1613 4695 1652 4756 de
1672 4695 1941 4761 chasamentum
1955 4701 2079 4779 Marty-

652 4829 748 4868 rum.-
770 4825 835 4871 tunr
856 4811 939 4894 apud
959 4811 1154 4874 Fabrettium
1177 4809 1230 4893 (c.
1253 4813 1298 4873 V.
1320 4809 1366 4871 n.⁰
1387 4808 1478 4892 368)
1510 4811 1563 4871 ubi
1586 4809 1717 4894 legitur:
1749 4815 1875 4876 Neritia
1898 4813 2080 4892 fundorum

653 4921 747 4979 larius
768 4923 863 4980 siniti.
