4692 6512
1311 606 1456 703 (res)

682 771 766 842 tibus
789 781 821 842 et
845 790 921 842 cum
945 769 1092 862 ipsorum
1114 763 1232 838 lundos
1255 773 1288 837 et
1311 764 1446 860 cespites
1469 773 1502 837 et
1529 783 1642 836 omnes
1673 759 1994 836 consuetudinalium
2024 783 2106 834 cen-

682 919 756 969 sum
778 919 836 970 seu
859 893 980 990 regulis
1002 903 1036 966 et
1058 892 1289 989 respomaticas
1313 901 1438 964 etcum
1454 889 1606 962 omnibus
1626 889 1760 962 illorum
1774 886 1975 983 pertinentiis
1991 888 2105 960 omni·

681 1023 807 1116 busque
822 1021 1032 1094 adiacentibus
1047 1031 1079 1094 et
1094 1018 1327 1116 pertinentibus
1350 1017 1398 1092 eis
1421 1018 1518 1091 simul
1541 1041 1617 1090 cunr
1632 1039 1744 1090 omnes
1760 1014 1893 1090 illorum
1908 1024 2058 1110 paratum
2074 1027 2107 1088 ct

630 1131 633 1140 '
681 1147 909 1242 conquesitum
932 1147 1103 1220 movilium
1126 1156 1159 1219 et
1182 1147 1388 1220 inmovibum
1411 1169 1545 1244 seseque
1564 1143 1770 1218 moventibus
1791 1151 1825 1215 et
1847 1163 1924 1214 cum
1947 1139 2049 1214 serbis
2074 1150 2108 1211 et

683 1274 805 1346 ancillis
829 1298 945 1346 eorum
968 1273 1184 1371 omnibusque
1207 1275 1254 1347 eis
1278 1273 1523 1370 pertinentibus.
1549 1295 1715 1370 quamque
1746 1279 1781 1344 et
1803 1271 1929 1363 integra
1952 1266 2104 1362 portione

680 1424 755 1472 urea
779 1403 818 1473 de
843 1400 915 1472 aliis
938 1400 1090 1473 omnibus
1113 1400 1270 1496 ospitihus
1292 1400 1432 1472 fundetis
1456 1409 1488 1471 et
1505 1397 1687 1470 eriundatis
1709 1404 1743 1470 et
1766 1395 1806 1468 de
1823 1415 1935 1466 omnes
1951 1393 2106 1465 fundoras

683 1531 836 1604 virorum
859 1541 893 1602 et
915 1541 1123 1602 mortuorum
1146 1529 1295 1602 fundatas
1318 1539 1352 1602 et
1375 1529 1563 1602 erlundatas
1587 1537 1620 1601 et
1643 1527 1684 1601 de
1707 1525 1858 1600 onmibus
1883 1524 2107 1598 commenditis

684 1656 824 1728 fundatis
849 1666 882 1727 et
905 1656 1092 1728 exiundatis
1114 1680 1181 1752 que
1204 1657 1338 1730 luerunt
1359 1655 1491 1728 insimul
1516 1654 1691 1726 nominatis
1707 1651 1910 1748 genitoribus
1931 1652 2009 1723 meis
2030 1673 2111 1724 cum

684 1783 831 1873 ipsorum
854 1783 1010 1855 fundoras
1033 1795 1066 1856 et
1090 1785 1225 1880 cespites
1248 1783 1302 1857 vel
1325 1806 1438 1856 omnes
1461 1783 1758 1857 consuetudinarias
1785 1803 1936 1855 censores
1963 1803 2022 1856 seu
2049 1804 2113 1854 re·

687 1903 772 1994 gulis
795 1915 827 1976 et
850 1905 1082 2000 responsaticas
1105 1915 1139 1978 et
1161 1929 1238 1980 curn
1260 1907 1411 1978 omnibus
1434 1905 1566 1979 illorum
1581 1905 1785 2001 pertinentiis
1808 1915 1906 2002 atque
1930 1907 2113 2000 possessio-

688 2031 783 2101 nibus
807 2053 923 2105 eorum
947 2032 1164 2129 omnibusque
1187 2035 1405 2107 adiacentibus
1428 2045 1461 2106 et
1477 2032 1712 2129 pertinentibus
1734 2033 1794 2106 cis.
1818 2033 1907 2106 unde
1930 2033 2016 2105 nihil
2033 2033 2114 2106 mibi

691 2155 808 2226 euiude
831 2155 994 2228 reserbavi
1018 2167 1067 2230 set
1089 2158 1172 2230 sicut
1195 2157 1344 2252 superius
1366 2159 1488 2253 legitur
1512 2182 1598 2232 ame
1621 2157 1715 2229 vobis
1739 2158 1803 2229 sint
1818 2157 1965 2232 oblatum
1989 2167 2023 2230 et
2038 2171 2111 2230 tra·

692 2284 797 2355 ditum
820 2283 855 2352 in
878 2295 935 2356 tua
958 2287 1161 2380 posterisque
1197 2285 1262 2358 tuis
1286 2285 1521 2381 nominatoque
1544 2295 1654 2358 vestro
1677 2287 1876 2360 monasterio
1915 2286 1981 2358 sint
2016 2297 2116 2380 pote-

691 2417 771 2476 state
795 2407 955 2503 quidquid
979 2409 1097 2482 exinde
1121 2411 1226 2480 lacere
1250 2408 1442 2481 volueritis:
1469 2419 1502 2481 et
1525 2432 1633 2504 neque
1657 2434 1676 2480 a
1699 2432 1752 2481 me
1781 2409 1950 2481 nominato
1975 2408 2117 2482 iohanne

694 2555 799 2625 neque
824 2557 843 2602 a
866 2533 947 2604 meis
970 2532 1144 2606 heredibus
1167 2557 1227 2606 nec
1262 2559 1281 2605 a
1315 2533 1409 2606 nobis
1444 2535 1623 2607 summissis
1658 2535 1805 2630 personis
1841 2536 1932 2608 nullo
1968 2546 2116 2630 tempore

694 2681 873 2755 numquam
898 2669 933 2733 tu
969 2660 1154 2736 nominatus
1177 2661 1328 2734 dominus
1350 2661 1538 2734 benedictus
1560 2661 1731 2756 religiosus
1760 2663 1933 2758 igumenus
1968 2674 2025 2736 ant
2047 2686 2119 2757 po-

694 2787 787 2858 steris
811 2788 874 2860 tuis
899 2811 959 2858 nec
987 2790 1173 2864 nominatus
1196 2799 1325 2866 sanctus
1348 2799 1382 2862 et
1404 2787 1598 2863 venerabilis
1613 2788 1721 2862 hester
1736 2791 1952 2864 monasterius
1972 2788 2119 2862 habeatis

697 2909 812 2981 exinde
837 2909 1012 3008 aliquando
1036 2933 1243 3007 quacumque
1265 2912 1485 3008 requesitione
1509 2923 1566 2984 aut
1589 2913 1735 2986 molestia
1758 2937 1816 3008 per
1836 2913 1967 2987 nullum
1983 2913 2120 2985 modum

697 3035 739 3106 ha
764 3059 850 3110 nunc
873 3045 907 3108 et
930 3037 965 3111 in
1000 3038 1164 3134 perpetuis
1194 3037 1403 3133 temporibus.
1439 3037 1528 3130 Quia
1563 3036 1608 3108 ita
1632 3037 1715 3109 mihi
1745 3036 1946 3132 complacui:
1974 3037 2009 3108 Si
2046 3037 2124 3131 quis

700 3173 807 3236 autem
830 3163 946 3260 quavis
970 3185 1106 3258 persona
1129 3163 1228 3258 parba
1244 3172 1301 3236 aut
1315 3187 1431 3258 magna
1446 3173 1561 3257 potens
1587 3161 1638 3234 vel
1661 3162 1823 3258 impotens
1838 3163 1957 3258 quouis
1974 3173 2123 3256 tempore

700 3301 812 3359 contra
836 3289 919 3360 hanc
943 3287 1123 3360 chartulam
1146 3289 1318 3361 oblationis
1340 3291 1452 3388 uenire
1475 3291 1685 3384 presumseris
1717 3315 1776 3387 per
1808 3291 1954 3388 quolibet
1987 3291 2122 3362 modum

702 3425 757 3488 eut
779 3413 955 3489 summissis
971 3416 1116 3510 personis
1134 3425 1209 3487 tunc
1222 3439 1375 3512 personas
1397 3415 1469 3489 illas
1485 3417 1543 3512 qui
1566 3417 1630 3489 hoo
1644 3441 1741 3494 ausus
1756 3420 1855 3493 luerit
1870 3429 2059 3514 poenctrare
2075 3421 2124 3518 (3)

781 3933 826 4015 (3)
849 3935 1040 3992 Poenetrare
1053 3950 1089 3992 ac
1097 3940 1263 4012 penetrare
1282 3927 1388 3991 desunt
1401 3928 1432 3988 in
1443 3928 1564 4009 Cangio.
1573 3929 1648 3990 Heic
1663 3947 1770 3990 vocem
1785 3927 1872 3990 istam
1886 3949 1957 3990 cum
1968 3928 2130 4013 diphthon-

703 4065 742 4122 go
757 4045 920 4125 scriptam,
942 4041 1093 4103 denotasse
1114 4041 1265 4103 credimus
1283 4040 1479 4120 infringere,
1502 4037 1585 4121 quod
1605 4038 1673 4102 aliis
1693 4041 1725 4102 in
1743 4039 1855 4104 chartis
1875 4039 1988 4104 dicitur
2007 4042 2132 4104 adtem-

700 4165 790 4232 ptare
809 4164 919 4213 eontra
939 4153 1073 4232 aliquid.

785 4261 833 4322 Ex
852 4260 911 4322 hac
930 4279 1002 4322 vero
1023 4259 1231 4340 diphthongo,
1253 4273 1282 4319 er
1301 4277 1338 4318 ex
1357 4255 1439 4332 aba,
1470 4277 1563 4339 quarn
1591 4261 1711 4324 exhibet
1731 4281 1794 4324 vox
1810 4281 1915 4342 poena
1934 4261 1966 4322 iu
1986 4264 2131 4344 superiori

707 4371 877 4434 membrana
898 4369 954 4432 sub
974 4388 1100 4430 numero
1120 4370 1176 4430 Ν.
1197 4389 1264 4450 pag.
1289 4368 1338 4436 ιδ,
1359 4388 1388 4428 v.
1413 4369 1472 4436 15,
1494 4370 1662 4451 unicuique
1682 4384 1762 4451 patet
1775 4370 1856 4453 apud
1871 4391 1926 4434 nos
1945 4373 2064 4436 saeculo
2085 4374 2128 4436 X.

705 4501 764 4542 nou
786 4502 802 4540 n
821 4478 959 4561 quolibet
978 4476 1231 4562 diphthongorurn
1250 4497 1357 4558 genere
1376 4476 1562 4540 abhorruisse
1582 4478 1766 4541 tabelliones.
1782 4479 1861 4540 Hinc
1888 4500 1979 4563 porro
2003 4496 2032 4544 et
2051 4482 2131 4544 illud

706 4617 766 4657 sese
788 4593 887 4677 prodit
908 4591 1226 4669 animadvertendum,
1249 4594 1375 4654 incertas
1394 4591 1538 4652 nimirum
1557 4589 1771 4652 existimandae
1795 4613 1856 4655 esse
1883 4595 2130 4676 praeceptiones,

707 4723 779 4785 quas
798 4703 1007 4786 diplomaticae
1027 4703 1070 4762 rei
1089 4703 1245 4785 scriptores
1265 4699 1303 4762 ad
1323 4697 1541 4784 explorandam
1561 4712 1699 4762 veterum
1723 4700 1895 4762 chartarum
1919 4702 2131 4784 ingenuitatem

709 4817 747 4877 de
768 4815 958 4898 diphthongis
978 4813 1161 4890 attulerunt,
1181 4811 1436 4897 quemadmodum
1457 4813 1629 4877 observavit
1649 4813 1881 4896 Fumagallius(
1897 4818 2012 4877 lstrlut.
2031 4817 2135 4898 ‹tapeto-

710 4940 786 4988 mat.
807 4942 880 4989 tom.
901 4935 932 4991 l.
950 4950 1027 5008 pag.
1050 4931 1111 4990 188
1125 4929 1145 5010 ).
