4658 6508
1317 605 1437 702 (34)

658 777 739 838 stras
763 770 797 838 in
814 769 941 861 integro
957 791 1021 838 una
1039 777 1112 838 ante
1127 767 1190 837 alia
1204 768 1394 838 constitutas
1409 770 1529 861 positas
1545 768 1658 838 subtus
1677 767 1781 836 solare
1801 763 1994 837 venerabilis
2009 786 2086 834 mo·

659 896 790 966 nasterii
806 895 907 966 sancti
929 895 1113 988 archangeli
1129 897 1188 989 qui
1203 905 1340 965 vocatur
1355 895 1396 964 ad
1408 893 1521 965 balane
1537 916 1612 963 cum
1628 893 1779 964 omnibus
1794 893 1841 964 eis
1854 891 2089 986 pertinentibus

660 1025 718 1117 qui
736 1024 829 1094 nobis
853 1024 986 1093 obvenit
1010 1023 1050 1092 ab
1074 1021 1232 1094 heredum
1247 1022 1331 1116 petri
1347 1021 1470 1092 tribuni
1485 1023 1611 1116 parenti
1628 1029 1661 1092 et
1676 1047 1694 1092 a
1710 1031 1803 1116 petro
1820 1019 1906 1091 tilius
1922 1019 2007 1090 helia
2023 1022 2089 1090 mi-

657 1149 704 1218 les
715 1173 773 1242 per
790 1150 870 1219 duas
886 1149 1047 1218 chartulas
1064 1149 1257 1220 venditionis
1269 1172 1350 1242 quas
1363 1171 1442 1220 vero
1452 1159 1646 1219 memoratas
1658 1151 1736 1220 duas
1747 1159 1880 1243 gryptas
1891 1169 1967 1218 cum
1978 1150 2089 1218 omni-

658 1269 719 1341 bus
736 1273 783 1343 eis
796 1271 1032 1366 pertinentibus
1048 1273 1082 1342 in
1099 1283 1154 1343 tua
1169 1273 1298 1366 tuisque
1312 1272 1484 1345 heredibus
1501 1273 1565 1343 sint
1581 1282 1736 1366 potestate
1753 1275 1882 1345 tenendi
1897 1281 1929 1344 et
1945 1272 2088 1344 abitandi

660 1416 716 1462 seu
743 1393 931 1464 dominandi
956 1397 1180 1465 tantummodo
1197 1404 1233 1464 tu
1256 1405 1289 1466 et
1311 1395 1445 1467 heredes
1470 1397 1519 1467 tui
1542 1396 1636 1466 nobis
1659 1396 1842 1488 nostrisque
1857 1397 1995 1489 posteris
2012 1400 2087 1468 dare

660 1518 801 1590 debeatis
815 1520 897 1591 idest
913 1543 1048 1614 pensum
1073 1521 1171 1591 tritici
1194 1524 1317 1593 bonum
1341 1523 1463 1594 siceum
1487 1523 1613 1594 modios
1629 1522 1769 1594 sedecim
1785 1532 1918 1592 tractata
1936 1531 1968 1592 at
1985 1545 2087 1616 usque

660 1651 733 1711 ante
756 1643 881 1735 regiam
905 1646 1075 1714 memorati
1101 1648 1204 1716 nostri
1228 1649 1416 1719 monasterii
1441 1658 1663 1720 mensuratum
1688 1648 1728 1716 ad
1753 1647 1898 1718 modium
1915 1647 2037 1717 iustum
2056 1659 2088 1718 et

658 1769 794 1840 minime
808 1773 1058 1862 presummimns
1073 1796 1133 1842 nos
1148 1783 1205 1844 aut
1218 1775 1357 1867 posteris
1372 1775 1491 1846 nostris
1507 1775 1569 1845 tivi
1590 1777 1720 1869 tuisque
1733 1775 1905 1848 heredibus
1918 1797 2087 1846 memora-

660 1899 706 1960 tas
720 1901 851 1986 gryptas
865 1895 978 1965 tollere
995 1904 1027 1965 et
1044 1906 1077 1964 at
1094 1898 1210 1990 quavis
1225 1921 1362 1990 persona
1373 1900 1493 1970 iterum
1505 1926 1543 1974 ea
1561 1903 1637 1972 dare
1652 1902 1756 1971 autin
1772 1910 1881 1970 nostra
1893 1901 2088 1992 proprietate

660 2043 696 2089 ea
720 2019 909 2110 recolligere
924 2023 1019 2093 dante
1041 2034 1078 2092 tu
1102 2033 1135 2093 et
1157 2025 1291 2096 heredes
1315 2028 1363 2097 tui
1387 2027 1480 2096 nobis
1503 2029 1686 2123 nostrisque
1711 2029 1846 2121 posteris
1870 2041 2086 2098 memoratum

660 2165 808 2235 pensum:
835 2147 915 2238 quic
930 2147 973 2215 sic
997 2147 1081 2218 inter
1104 2149 1198 2220 nobis
1223 2151 1310 2221 stetit
1330 2154 1419 2245 quod
1443 2153 1470 2222 si
1495 2154 1590 2223 aliter
1605 2155 1793 2246 provenerit
1807 2155 1848 2226 de
1863 2153 1915 2224 his
1938 2155 2088 2223 omnibus

658 2270 845 2339 memoratis
870 2279 946 2340 tunc
969 2273 1195 2366 componimus
1227 2297 1286 2345 nos
1319 2288 1351 2346 et
1381 2279 1502 2371 posteri
1537 2281 1655 2348 nostris
1679 2280 1739 2349 tivi
1764 2281 1893 2373 tuisque
1916 2277 2089 2350 heredibus

661 2395 733 2464 nuri
756 2394 836 2464 libra
863 2419 926 2464 una
950 2397 1112 2489 bytiantea
1138 2410 1170 2469 et
1193 2401 1234 2470 he
1257 2401 1404 2472 chartula
1427 2405 1468 2472 sit
1492 2406 1585 2474 lirma
1609 2407 1728 2498 scripta
1752 2431 1810 2500 per
1825 2427 1924 2475 manu
1942 2408 2087 2500 stephani

663 2523 793 2592 curialis
816 2546 874 2615 per
898 2523 1110 2597 lndictionem
1128 2537 1305 2598 memorata
1331 2531 1468 2601 decima.

757 2647 787 2742 †
810 2677 947 2745 μακαριο
971 2676 1162 2743 ηγουμενους
1185 2649 1242 2724 σοῦ
1266 2655 1297 2748 †

759 2773 789 2868 †
812 2777 885 2867 Ego
909 2777 983 2846 leon
1006 2777 1144 2848 Curialis
1167 2789 1300 2871 rogatus
1325 2795 1541 2855 amemorato
1555 2788 1697 2858 macario
1720 2791 1875 2880 igumeno
1900 2790 1990 2860 testis
2007 2791 2091 2859 sub-

667 2899 829 2995 scripsi†

761 3028 887 3122 †Ego
912 3031 1044 3101 basilius
1068 3031 1154 3103 filius
1190 3033 1314 3104 domini
1349 3039 1436 3109 leoni
1469 3053 1601 3134 rogatus
1635 3067 1652 3109 a
1688 3044 1903 3136 suprascripto
1935 3044 2094 3134 igumeno

667 3158 739 3228 testi
765 3157 939 3249 subscripsi
958 3156 989 3249 †

761 3281 791 3374 †
815 3284 888 3374 Ego
910 3283 963 3352 leo
987 3284 1073 3353 tilius
1097 3286 1221 3356 domini
1246 3287 1383 3380 aligerni
1406 3301 1540 3382 rogatus
1564 3317 1582 3358 a
1607 3293 1824 3385 suprascripto
1848 3297 1992 3365 macario
2008 3297 2090 3389 igu-

668 3431 765 3479 meno
789 3407 862 3477 testi
886 3406 1061 3502 subscripsi
1080 3407 1110 3502 †

763 3531 881 3628 †Ego
897 3534 1071 3627 stephanus
1087 3535 1218 3604 curialis
1235 3540 1396 3632 complevi
1414 3564 1471 3634 per
1488 3540 1699 3614 lndictionem
1717 3557 1895 3616 memorata
1913 3551 2049 3620 decima.

659 4213 2088 4258 Ἢ

669 4410 770 4457 tamen
792 4400 867 4460 anni
889 4417 948 4479 942
977 4401 1159 4469 documento
1179 4411 1324 4476 adversus
1346 4414 1464 4480 Claritii
1490 4422 1671 4482 sententiam
1695 4427 1796 4504 arguit
1815 4431 1970 4490 churm
1990 4435 2095 4492 mino-

669 4529 734 4569 rem
760 4516 959 4577 recentiorem
980 4521 1101 4582 chta
1121 4525 1240 4588 maiori
1263 4529 1497 4594 existimandam
1522 4555 1593 4597 esse.
1614 4535 1692 4598 Cum
1716 4539 1796 4600 enirn
1818 4543 1975 4606 Fructulo
2002 4548 2096 4607 dimi-

668 4627 811 4688 nutivum
833 4631 871 4690 sit
891 4651 1029 4713 nomen,
1053 4657 1170 4700 necesse
1191 4641 1325 4722 profecto
1346 4643 1405 4706 suit
1424 4663 1459 4709 ut
1480 4665 1566 4711 antea
1589 4653 1709 4714 Fracta
1733 4670 1871 4734 extaret,
1898 4658 1981 4721 unde
2008 4661 2096 4721 dimi-

668 4738 813 4799 nutivum
834 4758 981 4805 manaret.
1003 4747 1198 4830 Quapropter
1219 4773 1250 4812 ea
1272 4767 1467 4837 tempestate,
1491 4779 1551 4839 qna
1567 4763 1687 4821 F'racta
1709 4760 1789 4824 dicta
1809 4772 1988 4845 ostentator,
2010 4773 2096 4832 Fra-

668 4857 753 4907 etam
773 4853 929 4914 ma'norem
955 4870 1008 4917 ant
1027 4858 1060 4917 in
1082 4857 1184 4920 lucem
1207 4861 1374 4943 prodiisse,
1398 4883 1451 4929 aut
1471 4868 1644 4931 habitatum
1665 4875 1792 4936 evasisse
1813 4879 1916 4942 vicum
1939 4879 2020 4941 idern
2041 4880 2097 4942 ille

667 4973 753 5020 catus
775 4967 992 5044 antiquitatum
1015 4973 1180 5052 vestigator
1202 4977 1333 5056 putavit.
