4692 6512
1337 654 1479 750 (sss)

695 817 759 889 bus
778 811 951 888 nominatis
975 811 1109 907 aliquod
1124 811 1277 883 remansit
1294 819 1349 884 aut
1365 810 1527 883 reserbari
1550 831 1610 881 nec
1633 807 1792 883 inaliena'
1806 811 1953 883 commisi
1977 821 2127 907 potesta-

699 953 790 1016 tem:
817 944 864 1013 lta
889 950 926 1014 ut
948 940 990 1012 ha
1013 961 1101 1013 nunc
1125 947 1157 1012 et
1182 939 1330 1034 deinceps
1346 939 1585 1034 prenominatos
1609 937 1750 1034 hospites
1766 962 1857 1012 meos
1880 941 2032 1014 fundatos
2055 967 2124 1014 no-

695 1413 958 1476 animadvertimus
978 1411 1124 1497 praedia,
1157 1433 1236 1496 quae
1257 1410 1433 1491 exsundata
1453 1412 1484 1470 in
1504 1425 1601 1471 nostro
1620 1409 1677 1472 hoc
1698 1409 1877 1472 documento
1902 1413 2121 1496 appellantur,

694 1547 755 1588 non
786 1527 824 1587 ad
847 1527 968 1589 Fiscum
994 1541 1047 1588 aut
1067 1527 1259 1607 Principem,
1292 1545 1397 1586 verum
1428 1523 1467 1585 ad
1496 1523 1650 1606 privatum
1679 1523 1830 1586 hominem
1863 1527 2054 1606 pertinuisse,
2087 1549 2122 1589 ac

692 1651 845 1720 propterea
865 1637 982 1698 laudati
1002 1637 1150 1719 scriptoris
1171 1634 1376 1698 definitionem
1398 1635 1470 1717 ipsis
1494 1632 1582 1694 nullo
1606 1646 1695 1717 pacto
1722 1639 1890 1695 convenire.
1916 1634 2124 1701 Definitionem

690 1749 787 1830 potius
807 1767 859 1807 nos
880 1745 1112 1829 amplectimur,
1136 1762 1226 1825 quam
1240 1744 1322 1804 idem
1337 1757 1442 1806 auctor
1464 1745 1574 1823 (oper.
1593 1743 1677 1805 citat.
1697 1753 1772 1804 tom.
1788 1747 1857 1805 III.
1870 1766 1945 1825 paga
1968 1753 2049 1829 stt)
2072 1764 2122 1810 at·

690 1857 786 1931 tulit,
807 1857 840 1915 in
854 1855 949 1914 altero
962 1875 1034 1914 vero
1048 1869 1212 1915 memorato
1225 1855 1319 1935 operis
1339 1855 1384 1913 sui
1405 1853 1472 1914 loco
1494 1853 1640 1934 explosit,
1662 1855 1807 1916 nimirum
1826 1853 1959 1935 fundos,
1981 1861 2035 1939 qui
2061 1859 2120 1922 ito-

689 1965 820 2049 spissius
835 1965 896 2028 sive
910 1963 1046 2048 agricolis
1062 1963 1223 2040 emebant,
1247 1983 1282 2025 ac
1301 1963 1414 2024 idcirco
1431 1963 1540 2026 inculti
1558 1965 1719 2042 extabant,
1742 1964 1951 2043 exfundatos,
1972 1972 2028 2051 qui
2054 1992 2122 2033 con-

690 2095 736 2140 tra
750 2077 843 2139 sortiti
856 2075 977 2137 inerant
990 2074 1156 2157 agricolas,
1169 2072 1326 2149 fundatos
1346 2074 1422 2135 olim
1437 2073 1518 2155 apud
1535 2095 1587 2135 nos
1606 2096 1641 2135 ex
1656 2075 1924 2156 Langobardorum
1938 2098 2020 2142 more
2034 2079 2121 2144 luisse

690 2201 890 2273 nuncupatos.
910 2191 986 2250 Item
1000 2188 1159 2268 hospites,
1181 2187 1235 2270 qui
1249 2183 1351 2247 tundis
1365 2183 1498 2248 colendis
1513 2206 1632 2268 operam
1647 2185 1763 2247 dabant
1774 2233 1783 2265 ,
1796 2185 1938 2261 ssendutt'
1949 2232 1959 2263 ,
1979 2193 2122 2273 quivero

689 2326 736 2368 eos
762 2303 953 2380 deserebant,
977 2299 1143 2378 exsunduti
1164 2300 1258 2382 vulgo
1279 2297 1428 2382 appellati
1442 2297 1571 2361 fuerunt.
1585 2298 1612 2359 N
1615 2321 1653 2359 on
1667 2299 1758 2362 aliam
1773 2321 1843 2363 sane
1862 2321 1957 2385 quarn
1970 2304 2121 2368 notionem

690 2418 767 2477 hanc
790 2413 945 2478 vocabulis
963 2413 996 2475 id
1020 2433 1111 2496 genus
1131 2414 1163 2474 in
1181 2426 1281 2474 nostro
1300 2410 1480 2475 documento
1505 2411 1621 2474 subesse
1640 2413 1772 2474 eruimus
1791 2415 1978 2495 potissimum
1996 2419 2120 2482 ePacto

690 2525 813 2588 Asochis
826 2524 1024 2588 beneventani
1038 2525 1186 2607 Principis
1202 2521 1284 2606 apud
1298 2521 1515 2603 Pellegrinium
1537 2521 1549 2604 (
1564 2523 1648 2584 Hist.
1667 2528 1783 2585 Princ.
1796 2528 1945 2605 Langob.
1963 2539 2037 2590 tom.
2050 2531 2119 2595 ΙΙΙ.

686 2658 763 2720 pag.
780 2655 837 2722 197
850 2637 883 2720 ),
903 2635 956 2700 ubi
969 2637 1044 2700 haee
1057 2639 1088 2698 in
1103 2655 1166 2697 rem
1185 2647 1315 2695 nostram
1333 2647 1514 2696 occurrunt:
1537 2638 1574 2695 Si
1594 2636 1726 2696 censiles
1746 2635 1842 2699 homo
1861 2638 1901 2700 de
1917 2639 2034 2701 liburias
2046 2663 2119 2722 pa-

689 2755 768 2813 titur
789 2754 998 2833 oppresssbnes
1020 2771 1041 2810 α
1056 2761 1151 2832 parte
1177 2750 1215 2812 de
1232 2749 1432 2830 Neapolim,
1452 2761 1485 2809 et
1508 2748 1612 2809 notuit
1635 2749 1797 2813 exsundsre
1815 2773 1846 2815 se
1865 2751 1904 2816 de
1921 2755 1984 2839 ipso
1998 2755 2115 2836 fundo,

686 2873 783 2944 ponet
787 2874 863 2946 post
874 2865 998 2943 regiam
1014 2862 1127 2924 domus
1148 2881 1205 2924 sue
1229 2864 1337 2942 ipsum
1354 2862 1482 2938 fustem
1494 2905 1507 2932 ,
1522 2864 1605 2922 sicut
1622 2867 1757 2945 antiqua
1768 2861 1843 2938 suis
1855 2869 2066 2947 consuetudo,
2088 2883 2121 2930 et

687 2975 847 3037 uaditudi
860 2975 1005 3037 voluerit.
1027 2977 1064 3034 Si
1078 2981 1184 3034 nutem
1206 2969 1244 3031 de
1261 2970 1436 3050 Neapolim
1462 2992 1536 3032 oum
1557 2984 1649 3052 parte
1669 2973 1957 3054 Langobardomm
1975 2981 2120 3058 potuerit

687 3103 830 3147 moncons
844 3087 951 3167 ipsum
965 3084 1156 3145 tertiatorem
1170 3084 1205 3142 in
1224 3083 1330 3162 ipsum
1346 3078 1516 3157 fundum,
1535 3091 1566 3144 et
1584 3081 1713 3145 fundare
1734 3086 1824 3147 illum
1840 3087 1907 3164 idi,
1924 3099 2119 3170 potestatem

687 3195 830 3258 samana
856 3195 920 3258 Nec
940 3214 1012 3256 xero
1031 3193 1142 3254 mirum
1169 3195 1312 3274 cuiquam
1337 3189 1436 3254 uideri
1462 3190 1549 3252 debet
1570 3194 1701 3274 potuisse
1716 3208 1817 3256 extare
1830 3195 1937 3260 fundos
1957 3201 2119 3276 assanda.

685 3315 731 3363 tos
741 3350 752 3381 ,
783 3325 893 3386 nempe
914 3301 1052 3385 agricolis
1078 3315 1212 3364 carentes
1235 3302 1267 3361 in
1294 3300 1449 3360 territorio
1474 3298 1657 3379 laberiano,
1688 3305 1775 3366 cuius
1801 3304 1859 3368 hoc
1883 3307 2115 3374 instrumentum

684 3413 826 3476 meminit.
850 3413 1081 3475 observavimus
1100 3413 1179 3473 enim
1199 3431 1266 3496 pag.
1287 3415 1338 3493 61,
1366 3410 1464 3474 adnot
1487 3412 1531 3496 (3)
1546 3433 1582 3473 ex
1601 3411 1799 3496 Echemperto
1819 3437 1873 3499 per
1895 3419 2031 3484 inferiora
2051 3445 2115 3486 sae.

683 3524 754 3588 cula
775 3523 897 3589 assiduis
915 3527 1126 3589 Saracenorum
1147 3527 1178 3586 in
1198 3538 1308 3586 nostras
1328 3543 1392 3586 oras
1412 3524 1622 3605 irmptionibus
1641 3525 1755 3586 lactum
1769 3548 1840 3607 esse,
1862 3544 1898 3592 ut
1911 3531 2035 3595 viduata
2049 3536 2115 3597 cul-

683 3634 793 3696 toribus
814 3647 891 3696 terra
911 3634 1057 3718 sterpibus
1077 3655 1112 3696 ac
1132 3633 1271 3716 vepribus
1290 3633 1403 3716 repleta
1423 3633 1575 3696 fatisceret.
1604 3635 1783 3700 Huiusmodi
1811 3639 1989 3707 calamitatis
2011 3667 2114 3729 expers

681 3746 762 3809 haud
776 3745 834 3808 suit
847 3767 937 3829 ager,
960 3748 1009 3809 cui
1026 3749 1219 3828 Campaniae
1235 3747 1355 3808 Felicis
1369 3765 1475 3807 nornen
1489 3747 1605 3809 ubertas
1620 3771 1671 3812 sua
1688 3753 1809 3834 peperit.
1823 3755 1904 3818 Hinc
1917 3755 2110 3823 Is'burr'anum

680 3861 895 3932 territorium,
926 3859 1009 3943 quod
1028 3861 1059 3922 in
1078 3859 1182 3922 eodem
1202 3879 1273 3940 agro
1296 3861 1422 3922 extitisse
1452 3881 1469 3920 e
1498 3862 1640 3942 superiori
1668 3861 1857 3929 adnotatione
1881 3885 1982 3952 patet,
2013 3875 2110 3956 ipsum

679 3993 800 4055 quoque
820 3975 943 4058 pristina
964 3973 1082 4035 cultura
1108 3988 1180 4036 tunc
1201 3973 1339 4056 temporis
1360 3971 1583 4036 destituebatur.
1604 3977 1786 4059 Quanquam
1811 3981 1890 4043 enim
1921 3985 2110 4066 praediorum

679 4100 784 4148 natura
805 4086 881 4146 nihil
902 4085 1070 4168 quidquam
1089 4087 1246 4147 immutata
1266 4084 1386 4162 suisset,
1407 4107 1477 4149 curn
1499 4101 1597 4150 tamen
1620 4087 1750 4154 deessent
1770 4093 1917 4176 agricolae
1927 4141 1938 4176 ,
1962 4099 2048 4162 insita
2070 4102 2110 4164 il·

680 4197 780 4261 lorum
799 4197 918 4259 ubertas
938 4196 1163 4278 oblanguesoere
1183 4219 1219 4260 ac
1239 4201 1330 4259 emori
1350 4198 1518 4260 videbatur.

759 4313 825 4372 lam
845 4331 917 4371 vero
938 4307 1021 4372 haud
1041 4310 1127 4374 suisse
1147 4310 1280 4372 homines
1301 4332 1419 4392 prorsus
1439 4312 1545 4378 liberos
1558 4315 1695 4398 hospites
1713 4319 1839 4386 elucete
1854 4331 1996 4408 praesenti
2010 4353 2108 4395 mem.

678 4427 792 4502 brana,
816 4443 877 4504 qua
898 4443 968 4484 cutn
990 4445 1008 4484 a
1027 4426 1136 4486 loanne
1156 4426 1331 4485 monasterio
1351 4424 1527 4503 tradantur,
1549 4431 1613 4492 eius
1626 4435 1762 4511 potestati
1776 4437 1856 4518 ipsos
1868 4441 2006 4504 obnoxios
2019 4445 2107 4512 fuisse

676 4535 794 4620 liquido
814 4533 939 4595 elicitur.
961 4532 1038 4595 Cum
1059 4547 1160 4596 tamen
1179 4553 1276 4596 servos
1296 4533 1481 4617 ancillasque
1496 4535 1605 4600 habere
1624 4538 1689 4602 lreic
1705 4541 1865 4625 dicantur,
1888 4563 1979 4634 atquc
1998 4576 2015 4616 e
2034 4579 2106 4624 mox

675 4645 809 4708 dicendis
828 4660 1004 4730 perpetuam
1024 4644 1137 4729 praedii
1156 4647 1363 4729 possessionem
1378 4647 1446 4729 ipsis
1466 4647 1554 4710 suisse
1567 4650 1670 4732 palam
1685 4652 1761 4731 fiat,
1784 4678 1885 4721 eorsum
1903 4665 2032 4730 conditio
2046 4691 2105 4732 non

674 4758 777 4820 eadem
793 4779 827 4818 ac
847 4777 998 4820 servorum
1023 4757 1150 4818 extitisse
1169 4754 1296 4818 videtur.
1310 4757 1414 4818 Potius
1437 4759 1528 4839 igitur
1551 4780 1600 4822 eos
1623 4763 1827 4831 existimamus
1845 4769 1995 4838 adsimiles
2017 4780 2106 4846 fuisse

673 4883 740 4932 tum
753 4867 922 4931 homiuibus
934 4911 944 4947 ,
967 4887 1043 4951 quos
1060 4855 1248 4948 Langobardi
1262 4865 1375 4928 Aldina
1392 4885 1624 4951 nuncuparunt,
1647 4888 1675 4937 et
1694 4896 1769 4959 quos
1786 4879 1917 4944 meditun
1932 4886 2007 4966 quid
2025 4892 2104 4956 inter

675 4999 771 5045 sertor
786 5001 821 5046 ac
834 4981 955 5045 libertos
969 4979 1057 5045 tutan
1076 4981 1310 5046 aitdluratorisu
1330 4981 1403 5065 (A.
1425 4987 1475 5046 M.
1495 4987 1570 5047 ΑΕ.
1595 4998 1668 5050 tom.
1688 4993 1716 5052 I.
1745 4991 1860 5058 dissert.
1888 5001 1965 5061 XV.
1980 5002 1992 5084 )
2003 5049 2012 5082 ,
2034 5019 2102 5074 tum
