4692 6512
1330 625 1474 722 (trs)

676 795 815 867 Certum
839 799 887 863 est
910 813 963 862 me
987 831 1425 860 ...................
1434 782 1493 854 filii
1516 780 1665 851 iohannis
1689 777 1816 849 comitis
1841 778 1881 848 de
1906 796 2022 846 mauro
2046 799 2112 847 co·

682 923 772 992 mite.
805 943 904 1015 quam
938 928 970 989 et
998 915 1150 987 mastalus
1181 914 1266 1007 filius
1289 911 1387 1006 sergii
1412 893 1539 980 comitis
1568 918 1601 981 et
1632 917 1742 1002 petrus
1778 905 1864 976 lilius
1900 906 2112 999 suprascripti

681 1046 830 1118 iohannis
866 1043 1003 1114 comitis.
1034 1040 1164 1134 cognati
1190 1049 1223 1111 et
1250 1036 1398 1130 germani
1433 1045 1466 1107 et
1502 1058 1566 1108 nna
1591 1055 1667 1104 cnm
1690 1052 1884 1104 consensum
1919 1040 1952 1101 et
1987 1032 2111 1102 volun-

680 1183 781 1244 tatem
814 1169 946 1242 domine
979 1168 1133 1240 marende
1158 1187 1270 1236 socero
1303 1172 1424 1234 nostre.
1450 1162 1481 1232 A
1504 1160 1644 1254 presenti
1668 1159 1722 1232 die
1747 1166 1780 1230 et
1803 1169 1950 1253 tempore
1975 1181 2111 1252 pronam

677 1309 777 1394 atque
801 1309 1012 1392 spontaneam
1039 1297 1253 1370 voluntatem.
1285 1316 1344 1385 per
1366 1292 1451 1362 hanc
1479 1287 1660 1360 chartulam
1683 1287 1811 1360 merissi
1834 1286 2018 1359 divisionis.
2054 1287 2111 1357 di-

675 1428 786 1500 videre
823 1436 855 1498 et
879 1427 1008 1496 difinire
1032 1423 1094 1494 visi
1122 1442 1236 1491 sumus
1256 1419 1426 1490 vobiscum
1450 1415 1582 1486 domino
1608 1414 1815 1486 constantino
1838 1413 1885 1483 tio
1908 1423 2022 1485 nostro
2045 1413 2113 1485 lilio

679 1551 798 1623 marini
822 1551 863 1622 de
886 1547 1090 1620 constantino
1113 1545 1241 1616 comite.
1271 1542 1408 1636 plenarii
1432 1541 1528 1614 casali
1553 1551 1585 1612 et
1609 1541 1729 1612 oliveta
1760 1549 1871 1610 nostra
1910 1541 1946 1610 in
1976 1540 2112 1612 territo-

679 1680 731 1749 rio
760 1677 917 1750 staviano.
956 1675 1046 1768 qnod
1073 1673 1218 1744 dividere
1247 1669 1310 1741 visi
1337 1687 1448 1739 sumus
1480 1685 1540 1734 nos
1565 1663 1803 1758 suprascriptus
1830 1665 1977 1736 iohannes
2011 1691 2112 1760 quam

679 1821 712 1879 et
745 1807 898 1878 mastalus
921 1814 953 1875 et
985 1814 1097 1898 petrau
1132 1805 1168 1874 in
1201 1801 1281 1874 duas
1317 1797 1491 1894 portionas.
1530 1795 1704 1890 inprimis
1742 1793 1894 1866 omnibns
1921 1796 2113 1887 partivimus

678 1934 785 2026 ipsum
809 1930 947 2001 casalem
970 1927 1013 1998 da
1036 1929 1199 2000 lirscnlum
1234 1925 1282 2023 (3)
1315 1947 1376 2019 per
1398 1932 1580 1994 traversum
1604 1921 1639 1990 in
1675 1923 1754 1994 duas
1782 1919 1948 2017 portiones
1978 1931 2012 1992 et
2042 1929 2112 1992 ter-

677 2057 783 2126 mines
811 2055 979 2126 internos
1010 2053 1180 2146 posuimus
1203 2053 1273 2146 ipsa
1305 2050 1415 2144 portio
1450 2075 1468 2119 a
1493 2070 1591 2142 supra
1616 2059 1690 2120 avet
1714 2048 1952 2142 longitudinem
1982 2049 2022 2119 de
2045 2071 2112 2118 uno

677 2184 778 2254 latere
803 2207 821 2251 a
845 2189 936 2275 parte
961 2180 1002 2250 ab
1026 2182 1143 2253 andrea
1168 2179 1253 2274 passi
1276 2179 1410 2273 triginta
1433 2189 1466 2252 et
1490 2181 1524 2250 in
1528 2227 1628 2250 .....
1651 2176 1722 2248 loca
1746 2175 1831 2271 passi
1855 2176 1973 2270 viginti
2009 2175 2113 2270 quin-

678 2332 791 2404 quem.
829 2319 862 2381 et
886 2310 927 2381 de
951 2307 1016 2378 alio
1039 2307 1142 2380 latere
1166 2307 1252 2402 passi
1276 2307 1408 2402 viginti.
1442 2317 1475 2378 et
1499 2306 1691 2378 iactavimus
1714 2306 1836 2378 ividem
1859 2312 1928 2377 tote
1951 2307 2019 2400 ipse
2044 2305 2114 2378 oli-

678 2461 720 2506 ve
744 2461 820 2510 cum
846 2446 878 2507 et
902 2445 1007 2508 totum
1039 2435 1110 2528 ipso
1136 2446 1221 2507 terra
1252 2456 1393 2506 vacuum
1419 2457 1458 2506 av
1484 2432 1563 2526 ipsis
1597 2453 1708 2504 cruces
1744 2431 1780 2503 in
1814 2430 1889 2504 lusu
1921 2433 2114 2504 nominatim

684 2575 716 2634 at
740 2567 809 2659 ipsa
832 2588 914 2637 noce
938 2563 1176 2658 longitudinem
1203 2564 1288 2657 passi
1313 2564 1444 2656 viginti.
1470 2562 1620 2633 similiter
1654 2586 1714 2655 per
1746 2569 1853 2632 totum
1886 2562 1972 2655 passi
1994 2561 2113 2656 viginti

681 2705 713 2766 et
736 2693 942 2766 latitudinem
965 2701 1126 2787 quantum
1151 2693 1252 2764 luerit
1275 2702 1309 2765 et
1332 2693 1360 2763 si
1385 2693 1419 2764 in
1455 2690 1516 2762 istu
1540 2713 1692 2760 mensura
1724 2689 1795 2760 sive
1818 2689 1931 2761 inserti
1955 2701 2011 2762 aut
2030 2713 2115 2782 gra·-

682 2821 794 2893 nuccie
818 2819 871 2892 vel
894 2820 1043 2914 quolivet
1074 2819 1200 2891 tructus
1231 2819 1357 2890 venerit
1392 2820 1433 2890 de
1468 2817 1529 2888 ista
1559 2817 1711 2912 portione
1746 2817 1819 2886 sint
1855 2817 1976 2888 iterum
2007 2818 2113 2888 iacta-

764 3293 810 3373 (3)
832 3293 953 3368 Locus,
973 3312 1066 3373 quem
1088 3293 1267 3352 Fuscrtlum
1287 3313 1426 3374 praesens
1448 3295 1623 3353 membrana
1645 3293 1802 3375 appellat,
1833 3287 2001 3351 hodiedum
2022 3304 2114 3352 vetus

684 3423 799 3464 nomen
819 3415 940 3478 servat,
963 3415 993 3462 et
1012 3401 1066 3484 qni
1085 3401 1124 3461 ad
1146 3403 1284 3463 Castrum
1315 3405 1406 3464 maris
1437 3403 1475 3464 de
1495 3405 1595 3466 Stabis
1613 3450 1622 3481 ‚
1645 3403 1729 3488 quod
1749 3403 1850 3467 italice
1865 3405 2036 3467 vocitamus
2052 3405 2114 3463 Ca-

681 3516 905 3591 stellammare,
927 3515 1087 3598 pertinent.
1108 3517 1187 3578 Cum
1206 3537 1279 3578 vero
1297 3517 1461 3578 Fusculus
1479 3518 1543 3598 ipse
1565 3519 1596 3576 in
1617 3532 1718 3578 nostro
1739 3517 1921 3578 documento
1942 3533 2044 3580 extare
2066 3517 2114 3578 di·

679 3638 767 3685 catur
787 3625 821 3684 in
847 3625 1001 3685 terrv'ton’o
1025 3623 1198 3703 stabiano,
1221 3624 1293 3684 ltine
1325 3624 1459 3709 profecto
1478 3625 1636 3706 colligitur
1659 3647 1729 3686 eum
1752 3647 1814 3687 non
1839 3627 1877 3687 ad
1899 3625 2115 3708 Langobardo-

677 3755 750 3800 rum
763 3737 940 3814 Libnriam,
962 3758 1072 3800 verum
1099 3737 1138 3799 ad
1163 3741 1367 3799 surrentinum
1394 3751 1539 3819 spectasse
1557 3741 1732 3815 Boeotum,
1752 3761 1816 3822 quo
1832 3742 1952 3804 Stabiae
1975 3743 2114 3801 continc-

677 3849 814 3924 bantur‚
843 3862 938 3930 prout
962 3847 1190 3909 observavimus
1213 3869 1287 3930 pag.
1316 3853 1373 3913 106
1394 3849 1499 3910 adnot.
1528 3849 1573 3932 (6)
1601 3849 1697 3912 Fuere
1723 3871 1814 3934 porro
1843 3853 2006 3934 antiquiori
2036 3874 2115 3914 aevo

680 3964 801 4025 Stabiae
824 3976 1016 4046 nuncupatae
1041 3959 1193 4044 quaedam
1213 3963 1327 4039 villae,
1354 3964 1388 4024 in
1409 3983 1483 4044 quas
1504 3963 1605 4024 abiisse
1632 3965 1860 4027 vetustissimam
1875 3965 1997 4027 Stabiae
2009 3965 2115 4028 urbem

680 4097 698 4133 a
713 4075 808 4136 Lucio
823 4073 914 4156 Sylla
932 4073 1031 4154 legato
1043 4073 1129 4135 bello
1142 4073 1248 4135 sociali
1266 4073 1396 4138 deletam
1417 4089 1538 4138 testatur
1557 4075 1677 4138 Plinius
1692 4077 1779 4158 (Lib.
1793 4082 1860 4142 ΙΙΙ.
1875 4097 1944 4158 cop.
1958 4077 2009 4158 5).
2026 4079 2115 4156 Qua·

675 4205 748 4246 nam
761 4205 835 4246 vero
855 4199 1028 4267 ternpestnte
1048 4184 1160 4246 ibidem
1177 4206 1314 4268 praesens
1326 4189 1464 4249 Castrum
1479 4189 1570 4248 maris
1592 4187 1750 4251 conditum
1774 4187 1864 4252 suerit
1876 4235 1886 4268 ,
1900 4211 1983 4253 nosse
1999 4191 2115 4274 prode-

675 4301 714 4358 rit
736 4319 752 4362 e
773 4298 903 4359 Milante
930 4296 1006 4382 (De
1035 4297 1181 4360 Stabiae.
1211 4303 1301 4364 Eecl.
1325 4311 1356 4362 et
1374 4305 1485 4383 Episc.
1499 4303 1576 4365 diss.
1599 4320 1627 4364 s.
1644 4325 1681 4384 p.
1703 4323 1725 4366 2
1744 4313 1776 4365 et
1793 4325 1882 4388 seqq.
1899 4305 1934 4388 ),
1954 4305 2008 4388 qni
2029 4320 2112 4388 post.

675 4438 767 4502 qnam
789 4415 920 4501 explosit
940 4417 1144 4500 opinationem
1165 4415 1321 4493 illorum,
1346 4418 1454 4499 quibos
1474 4419 1573 4479 visum
1594 4417 1651 4477 luit
1676 4417 1810 4478 eiusdem
1830 4417 1922 4478 Castri
1945 4420 2114 4501 primordia

675 4525 715 4586 ad
730 4525 832 4589 Caroli
850 4528 871 4587 l.
886 4525 1121 4607 andegavensis,
1146 4540 1200 4587 aut
1217 4526 1256 4587 ad
1269 4527 1393 4589 Roberti
1410 4530 1521 4609 Regis,
1548 4527 1736 4612 Alphonsive
1753 4531 1948 4612 Aragonensis
1975 4545 2113 4614 tempora

673 4642 787 4706 referre
801 4685 811 4719 ,
826 4643 859 4702 in
874 4643 947 4703 haee
961 4641 1056 4706 verba
1070 4641 1225 4723 loquitur:
1258 4649 1366 4724 Quare
1389 4644 1592 4725 probabiliter
1617 4647 1763 4707 exr'stimo
1785 4647 1874 4706 circa
1888 4645 1961 4722 XI,
1995 4647 2049 4708 vel
2067 4647 2114 4708 nd

674 4775 838 4818 summum
851 4756 937 4818 circa
953 4757 1032 4818 XII.
1045 4755 1209 4817 soeculum
1222 4757 1282 4818 lace
1296 4777 1413 4820 noneen
1427 4759 1531 4835 fuisse
1546 4757 1688 4821 inditum
1700 4780 1798 4822 novae
1815 4759 1891 4821 urbi
1901 4759 1948 4822 ad
1959 4759 2111 4822 denotam-

673 4869 753 4929 dum
769 4866 918 4951 quodibi
934 4880 1001 4930 erat
1014 4877 1171 4930 exstructa
1196 4889 1277 4930 nova
1301 4871 1439 4942 civitas,
1464 4871 1519 4932 uba·
1533 4873 1715 4953 pn'ncipem
1733 4873 1837 4934 Iocum
1858 4885 1974 4937 veteres
1986 4873 2113 4938 Stabiae

678 4979 878 5052 habueram
902 4983 981 5045 hinc
1011 4988 1157 5046 Castrum
1181 4988 1282 5046 maris
1306 4988 1486 5048 Stabiarum
1502 4987 1578 5064 fuit
1601 5009 1638 5048 ea
1660 5001 1859 5070 nuncupata.
