4616 6532
883 616 894 704 t
925 623 962 681 ιτ
988 614 1000 707 )

225 781 258 840 et
290 769 448 842 scriniarii
478 769 525 866 (9)
556 793 613 864 per
640 771 848 843 indictionem
872 784 1084 846 memoratam
1108 776 1358 868 quintadecima.

322 896 351 987 †
376 899 448 988 Ego
471 897 647 967 theodorus
671 896 846 990 subscripsi
871 909 902 969 et
926 899 1046 968 solidos
1071 901 1285 995 accepi.(10)
1309 901 1339 991 †

321 1020 352 1112 †
376 1021 439 1090 boe
463 1024 594 1114 signum
617 1031 800 1092 memoratu
822 1021 912 1114 pitru
935 1023 1024 1115 quod
1049 1045 1112 1114 ego
1128 1024 1186 1116 qui
1202 1035 1398 1094 memoratus
1422 1049 1482 1118 pro
1507 1053 1543 1096 nn
1567 1029 1652 1097 sub-

225 1150 339 1241 scripsi
364 1160 396 1218 et
420 1159 615 1220 memoratos
638 1148 757 1218 solidos
785 1148 921 1219 traditos
945 1148 1075 1243 ridi.†

322 1271 352 1362 †
375 1274 447 1364 Ego
471 1271 668 1342 constatinus
692 1270 778 1342 lilius
802 1271 926 1341 domini
952 1273 1049 1342 ertari
1073 1275 1223 1343 monaehi
1248 1285 1380 1368 rogatus
1398 1303 1415 1347 a
1432 1281 1649 1372 suprascripto

224 1400 296 1468 thio
325 1409 357 1468 et
382 1407 499 1488 nepote
528 1397 602 1468 testi
625 1395 798 1490 subscripsi
816 1407 848 1467 et
874 1397 1107 1492 suprascriptos
1134 1399 1254 1474 solidos
1279 1403 1412 1472 traditos
1440 1405 1521 1475 bidi.
1549 1406 1579 1497 †

223 1738 389 1800 condendis
407 1741 621 1816 instrumentis,
642 1742 762 1822 legibus
784 1745 913 1803 romanis
934 1757 986 1804 aut
997 1740 1191 1821 langobardis
1220 1740 1481 1822 obtemperabant,
1502 1754 1532 1797 et
1551 1736 1649 1795 iudice

225 1847 262 1903 ad
284 1864 455 1910 contractus
473 1851 656 1934 indigebant.
684 1851 745 1926 Qui
769 1873 842 1912 vero
866 1851 958 1935 plura
983 1851 1020 1912 de
1044 1851 1152 1912 nostris
1181 1849 1343 1910 curialibus
1372 1869 1493 1910 noscere
1521 1849 1649 1926 cupiat,

224 1957 340 2020 Claritii
361 1961 449 2023 adeat
469 1966 719 2026 commentarium
739 1967 769 2024 in
790 1964 1060 2040 Constitutionem‚
1088 1983 1150 2042 qua
1170 1961 1343 2024 Fridericus
1362 1963 1447 2023 iussit
1467 1981 1504 2020 ne
1524 1961 1650 2041 posthac

225 2091 280 2148 per
301 2071 432 2134 curiales
452 2075 651 2135 instrumenta
671 2072 900 2138 conficerentur.

304 2181 349 2260 (9)
370 2184 543 2241 Scriniurii
561 2183 636 2243 dicti
657 2183 735 2244 olim
749 2184 833 2245 fuere
848 2186 986 2248 custodes
1000 2185 1182 2247 scriniorum
1206 2185 1272 2248 sive
1286 2182 1479 2259 areolarum,
1494 2183 1525 2242 in
1540 2183 1650 2264 quibus

223 2293 334 2370 scripta
362 2290 486 2372 aliaque
505 2307 613 2358 secreta
633 2295 866 2376 reponebantur.
893 2295 994 2358 lidem
1019 2297 1125 2358 vocari
1149 2315 1273 2376 quoque
1293 2293 1432 2354 solebant
1461 2295 1650 2353 scriniorum

224 2401 383 2478 magistri,
405 2400 569 2476 libellarii,
591 2403 788 2464 chartularii.
809 2407 988 2467 Oceurrunt
1007 2407 1081 2466 item
1103 2408 1272 2487 nuncupati
1291 2405 1453 2464 scriniarii
1472 2403 1511 2464 ab
1532 2403 1648 2481 episto-

222 2516 276 2588 lis,
299 2536 320 2572 a
338 2512 468 2592 libellis,
490 2531 520 2576 et
539 2517 625 2576 sacri
637 2517 773 2598 palatii,
792 2539 923 2600 quorum
943 2520 1104 2580 nominum
1124 2519 1188 2581 duo
1206 2520 1307 2604 priora
1327 2539 1345 2580 a
1366 2518 1495 2594 chartis,
1517 2535 1651 2598 quarum

221 2629 291 2706 ipsis
311 2625 449 2690 custodia
469 2626 673 2690 mandabatur
683 2672 694 2705 ,
716 2628 839 2688 tertium
860 2647 934 2690 vero
954 2648 971 2686 a
991 2627 1062 2689 loco
1072 2671 1081 2700 ,
1104 2628 1155 2688 ubi
1173 2629 1233 2688 hoe
1246 2628 1381 2688 muneris
1396 2627 1534 2698 obibant,
1554 2626 1652 2686 sortiti

222 2753 305 2799 sunt.
335 2741 375 2800 At
407 2753 509 2820 postea
540 2759 732 2800 romanorum
765 2739 953 2800 Pontificum
978 2741 1091 2802 notarii
1120 2740 1175 2804 vel
1205 2741 1262 2819 ipsi
1290 2737 1442 2821 adpellati
1471 2755 1542 2800 sunt
1570 2742 1650 2796 acri-

222 2851 341 2924 ninrii,
363 2849 622 2930 quemadmodum
642 2850 784 2931 plurimis
804 2873 820 2914 e
841 2852 954 2913 chartis
972 2852 1132 2934 pontificiis
1151 2853 1268 2929 elucet,
1288 2872 1421 2934 quarum
1441 2853 1474 2910 in
1495 2849 1579 2912 calce
1600 2851 1648 2913 le-

222 2965 325 3042 gium:
348 2965 502 3040 seruatum
516 2984 579 3042 per
596 2981 714 3024 monus
732 2965 779 3022 N.
799 2967 917 3025 notarii
937 2976 966 3024 et
984 2965 1156 3024 scriniarii.
1176 2964 1291 3027 Nostris
1310 2976 1414 3026 autern
1434 2985 1450 3024 e
1482 2962 1648 3022 curialibus

222 3072 347 3154 quidam
367 3093 428 3136 sese
447 3074 626 3134 scriniarios
645 3072 797 3138 dixerunt.
811 3073 874 3134 Sed
894 3073 1042 3154 quoniam
1063 3093 1125 3138 nou
1139 3093 1240 3140 ornnes
1254 3073 1288 3134 id
1301 3074 1434 3138 nominis
1446 3087 1646 3154 usurparunt,

221 3186 276 3242 etsi
297 3206 401 3246 omnes
421 3185 607 3248 notariorum
626 3205 753 3248 munere
772 3183 989 3263 fungerentur,
1013 3183 1127 3244 idcireo
1147 3184 1288 3265 suspicati
1300 3205 1402 3245 sumus
1421 3185 1645 3258 scriniarium,

222 3296 277 3374 qui
298 3293 494 3376 neapolitanis
513 3295 546 3353 in
566 3293 679 3354 chartis
699 3294 850 3368 occurrit,
874 3313 936 3354 non
955 3291 1038 3354 idem
1057 3313 1093 3355 ac
1122 3297 1282 3354 notarium
1312 3292 1465 3354 denotare.
1487 3292 1647 3369 Quidnam

221 3424 298 3464 vero
319 3401 516 3481 significarit,
536 3421 640 3482 neque
660 3401 797 3466 Claritius
817 3403 940 3481 edixit,
963 3426 1062 3488 neque
1083 3406 1167 3466 nobis
1186 3403 1364 3466 adhucdum
1385 3425 1472 3467 nosse
1485 3405 1626 3486 contigit.
1702 3479 1704 3485 Ι
1776 3395 1777 3400 ’

301 3511 367 3592 (ιο)
388 3511 587 3588 Formulam,
610 3533 672 3594 qua
691 3513 871 3577 venditores
896 3536 927 3577 se
946 3516 1082 3600 pretium
1103 3516 1273 3598 accepisse,
1299 3529 1329 3578 et
1348 3528 1437 3576 testes
1457 3535 1494 3576 ac
1513 3513 1649 3574 notarius

217 3646 248 3684 se
268 3627 403 3704 pretium
424 3627 527 3705 ipsum
546 3626 695 3687 traditum
716 3626 832 3688 vidisse
851 3627 1068 3708 significabant
1096 3631 1130 3690 iu
1161 3648 1214 3690 sua
1242 3629 1375 3711 quisque
1403 3629 1646 3709 subscriptione,

218 3737 347 3798 curiales
368 3738 462 3800 nostri
482 3739 522 3798 ab
541 3740 769 3820 antiquioribus
796 3741 921 3802 notariis
941 3743 1074 3806 mutuati
1095 3742 1227 3806 fuerunt.
1248 3740 1348 3820 Ipsam
1369 3757 1482 3800 veroa
1507 3737 1648 3797 tabellio-

220 3851 304 3908 nibus
325 3852 466 3932 usurpari
486 3851 617 3934 coepisse
650 3850 775 3932 exlege
803 3851 866 3912 lata
893 3872 910 3911 a
941 3851 1204 3930 langobardorum
1232 3871 1300 3930 rege
1320 3833 1451 3926 Roeffl,
1480 3851 1534 3930 qui
1564 3868 1646 3910 auno

220 3961 341 4020 circiter
363 3963 422 4040 743
441 3981 570 4041 regnum
590 3961 719 4042 adeptus
741 3961 801 4022 suit
812 4003 822 4036 ,
844 3982 1003 4045 perperam
1023 3964 1186 4024 arbitratus
1206 3977 1249 4024 est
1266 3963 1419 4022 Zanettius
1439 3962 1473 4026 in
1486 3965 1649 4041 papyracei

219 4071 377 4130 cniusdam
391 4073 577 4134 monumenti
598 4070 803 4134 illustratione
822 4073 915 4156 (pag.
925 4077 989 4156 7),
1009 4075 1042 4136 in
1057 4095 1120 4155 quo
1133 4075 1262 4136 occurrit
1273 4073 1409 4136 formula
1423 4074 1461 4134 de
1474 4095 1536 4155 qua
1549 4093 1647 4134 sermo

220 4183 308 4240 nobis
327 4195 378 4244 est.
394 4182 462 4244 Hoc
481 4183 563 4243 enim
584 4181 801 4244 documentum
821 4183 904 4244 baud
924 4197 992 4265 post
1012 4204 1128 4244 annum
1148 4185 1226 4263 746,
1249 4165 1294 4246 uli
1314 4184 1451 4246 Zanettio
1470 4183 1572 4246 visum
1586 4197 1645 4260 est,

217 4297 270 4356 sed
291 4317 373 4356 anno
396 4301 456 4379 572
475 4296 638 4358 conditum
657 4271 901 4360 luculentissime
920 4296 1061 4380 patefecit
1082 4299 1114 4360 C.
1127 4298 1275 4361 Marinius
1290 4297 1390 4380 ¹(Dip.
1403 4301 1532 4376 Pomp.
1546 4297 1646 4378 eoo),

219 4410 274 4488 qui
297 4409 470 4470 accuratius
492 4407 725 4492 chronologicas
750 4410 882 4470 excussit
901 4423 986 4477 notas
998 4451 1008 4484 ,
1040 4409 1152 4489 quibus
1175 4408 1391 4470 documentum
1417 4408 1519 4489 ipsum
1549 4412 1651 4468 maxi-

219 4543 301 4582 mam
324 4524 403 4583 inter
423 4521 573 4584 litteratos
594 4524 675 4584 viros
695 4524 917 4584 contentionem
937 4523 1104 4600 excitavit,
1131 4543 1166 4584 ae
1185 4535 1343 4604 propterea
1373 4541 1434 4585 non
1454 4519 1577 4600 vulgari
1599 4541 1649 4582 ce-

222 4638 363 4699 lebritate
383 4637 536 4700 inclaruit.
569 4637 684 4698 Extant
704 4657 795 4720 porro
815 4636 898 4719 apud
919 4635 1075 4700 Maffeium
1094 4657 1130 4698 ac
1154 4637 1320 4700 Marinium
1345 4637 1406 4698 alia
1426 4651 1649 4710 monumenta,

221 4771 302 4830 quae
323 4771 394 4812 oum
414 4765 483 4812 ante
504 4750 761 4834 langobardorum
782 4771 894 4812 aevum
918 4749 1036 4815 condita
1063 4749 1175 4811 fuerint
1187 4793 1195 4825 ‚
1223 4763 1255 4812 et
1282 4750 1421 4812 eamdem
1452 4748 1649 4831 praeseferant

220 4863 404 4938 formulam,
425 4863 505 4924 hane
525 4865 623 4946 ipsam
644 4885 705 4925 nou
725 4864 861 4944 primum
884 4863 1046 4926 obtinuisse
1067 4883 1104 4924 ex
1125 4862 1193 4944 lege
1220 4861 1351 4924 alicuius
1376 4861 1450 4943 regis
1477 4861 1644 4942 langobar-

221 4975 330 5034 dorum
352 4973 525 5036 ostendunt.

1282 5097 1301 5156 3
