4692 6512
894 621 1032 718 (17³)

829 845 832 853 λ
880 853 997 930 xllx.

333 1041 364 1136 †
387 1045 425 1114 lu
448 1043 580 1132 nomine
604 1040 728 1114 domini
753 1041 806 1114 dei
829 1040 998 1112 salvatoris
1014 1040 1117 1112 nostri
1140 1040 1233 1114 ibasu
1262 1041 1374 1114 christi
1397 1042 1576 1136 imperante
1594 1045 1686 1128 do·‚
1732 1083 1784 1130 an,

237 1168 330 1240 mino
353 1177 465 1238 nostro
489 1164 698 1238 Constantino
721 1185 841 1260 magno
863 1163 1057 1262 imperatore
1081 1187 1167 1238 auno
1190 1164 1355 1238 tricesimo
1379 1188 1467 1238 nono
1490 1167 1542 1240 die
1566 1167 1662 1240 vice-
1715 1191 1796 1255 947.

238 1295 320 1364 sima
357 1292 478 1366 mensis
508 1291 581 1364 iulii
618 1289 795 1364 indictione
826 1291 940 1386 quinta
962 1290 1118 1384 neapoli:
1150 1291 1283 1363 Certum
1307 1304 1355 1366 est
1378 1315 1431 1368 ma
1454 1295 1584 1366 leonem
1615 1295 1662 1368 fi-

241 1419 324 1490 lium
343 1419 477 1513 quidem
494 1416 619 1514 domini
641 1415 747 1488 boniti
764 1415 893 1486 comitis
909 1415 968 1512 qui
985 1417 1105 1490 dicitur
1121 1418 1296 1491 larricellu.
1315 1443 1380 1490 una
1402 1443 1479 1492 eum
1495 1423 1662 1495 voluntate

240 1546 383 1638 presenti
401 1547 502 1616 marie
519 1543 653 1638 coniugi
668 1565 753 1616 moe:
767 1543 950 1640 Apresenti
973 1544 1025 1617 die
1048 1546 1267 1640 promtissima
1288 1547 1455 1622 voluntate
1472 1549 1663 1620 venundedi

243 1681 277 1742 et
300 1669 419 1741 tradidi
436 1667 529 1760 vobis
544 1667 653 1762 sergio
669 1666 883 1761 campertario
899 1667 966 1740 filio
986 1669 1120 1763 quidem
1135 1669 1271 1766 aligerni
1291 1673 1497 1770 compertarii
1513 1684 1545 1746 et
1560 1675 1664 1746 maria

243 1795 368 1889 iugales
384 1819 393 1862 ε
411 1794 504 1865 lDest
519 1793 646 1886 integra
669 1799 755 1862 terra
772 1812 844 1862 mea
872 1813 937 1885 que
967 1791 1154 1863 nominatur
1179 1794 1331 1866 roberetu
1352 1795 1457 1890 posita
1479 1797 1514 1868 in
1530 1818 1666 1868 maranu

242 1942 318 1991 cum
343 1917 515 1990 arvoribus
538 1927 572 1988 et
594 1914 766 1986 introitum
781 1936 878 1984 suum
892 1913 1107 2010 omnibusque
1124 1915 1185 1986 sivi
1201 1917 1434 2010 pertinentibus
1457 1918 1516 2014 qui
1532 1917 1665 1992 coheret

241 2046 303 2118 sivi
320 2046 360 2116 ab
376 2068 443 2116 uno
460 2043 560 2116 latere
584 2051 669 2116 terra
695 2039 809 2112 cesarii
832 2041 944 2134 nepoti
967 2041 1045 2113 mei.
1072 2049 1105 2114 et
1128 2043 1168 2114 de
1184 2065 1250 2114 uno
1266 2043 1370 2138 eapite
1391 2044 1448 2116 via
1464 2045 1607 2138 publica.
1635 2056 1667 2116 et

241 2197 284 2246 ex
301 2171 364 2242 alio
388 2173 487 2244 latere
511 2179 597 2241 terra
621 2170 661 2242 de
685 2168 818 2239 colonos
835 2168 876 2240 de
891 2165 1048 2240 balasono
1072 2192 1091 2238 a
1113 2191 1196 2242 vero
1212 2169 1277 2242 ab'o
1293 2173 1398 2266 capite
1413 2181 1499 2243 terra
1515 2172 1664 2266 stephani

246 2347 498 2370 ...........
515 2297 609 2370 Unde
631 2294 715 2366 nibil
728 2294 811 2365 mibi
835 2293 953 2366 exinde
976 2295 1132 2368 remansit
1155 2306 1212 2368 aut
1234 2298 1400 2371 reservabi
1423 2322 1483 2371 nec
1506 2299 1541 2370 in
1563 2299 1668 2372 aliena

241 2421 401 2516 cuiusque
424 2441 560 2514 persona
583 2417 733 2490 commisi
758 2426 815 2488 aut
837 2415 904 2488 iam
928 2418 1098 2492 committo
1121 2429 1296 2516 potestate:
1334 2424 1382 2492 lta
1416 2430 1455 2492 ut
1479 2445 1498 2490 a
1522 2443 1609 2492 nunc
1634 2431 1667 2490 et

244 2549 395 2642 deinceps
418 2546 484 2617 iam
508 2545 592 2619 dicta
615 2545 742 2638 integra
766 2553 851 2614 terra
875 2567 940 2639 que
963 2556 1100 2620 vocatur
1123 2547 1313 2621 roboretum
1336 2549 1441 2642 posita
1464 2547 1499 2618 in
1530 2569 1667 2619 maranu

243 2695 320 2744 cum
344 2671 515 2744 arvoribus
539 2681 571 2742 et
594 2667 766 2740 introitum
790 2688 887 2738 suum
911 2669 1128 2764 omnibusque
1151 2671 1215 2742 sivi
1236 2671 1471 2766 pertinentibus
1494 2669 1589 2742 sicuti
1613 2695 1671 2766 per

242 2799 425 2870 nominatas
460 2794 661 2868 coherentias
684 2793 777 2865 vobis
802 2817 839 2865 ea
863 2791 1026 2864 insinuabi
1049 2795 1133 2866 sicut
1167 2797 1316 2888 superius
1351 2795 1471 2891 legitur
1497 2795 1532 2866 in
1565 2807 1670 2868 vestra

241 2921 465 3016 heredumque
488 2929 672 2992 vestrorum
696 2918 738 2990 sit
760 2925 916 3010 potestate
940 2941 1071 3014 queque
1094 2921 1214 2994 exinde
1236 2923 1342 2994 lacere
1368 2921 1545 2994 volueritis.
1568 2931 1600 2993 et
1616 2945 1673 2993 ne·

242 3069 309 3141 que
333 3070 352 3114 a
375 3067 428 3116 me
463 3043 631 3114 nominato
663 3043 758 3116 leone
791 3066 856 3113 una
891 3064 968 3113 cum
1001 3042 1168 3117 voluntate
1202 3043 1368 3116 nominate
1402 3045 1505 3120 marie
1537 3045 1671 3140 coniugi

243 3197 317 3250 mee
340 3196 445 3269 neque
470 3197 488 3242 a
511 3171 594 3244 meis
618 3171 792 3247 heredibus
815 3195 875 3246 neo
908 3197 926 3242 a
958 3170 1052 3242 nobis
1083 3170 1229 3265 personis
1252 3171 1431 3245 summissis
1462 3171 1552 3246 nullo
1580 3183 1671 3244 tem-

243 3327 325 3396 pore
348 3323 528 3398 numquam
544 3323 604 3373 vos
628 3301 795 3374 nominato
819 3303 928 3399 sergio
952 3299 1165 3397 comportatio
1180 3310 1213 3372 et
1226 3300 1329 3371 maria
1351 3297 1475 3395 iugales
1499 3311 1555 3373 aut
1570 3300 1672 3373 bere-

247 3432 302 3504 des
333 3429 448 3504 vestris
483 3428 605 3504 abeatis
634 3429 751 3503 exinde
774 3453 969 3526 quacunque
1002 3427 1220 3524 requesitione
1248 3439 1304 3500 aut
1335 3427 1479 3501 melestia
1513 3427 1555 3499 ba
1586 3451 1673 3500 nunc

248 3563 281 3626 et
296 3555 330 3625 iu
345 3555 509 3650 perpetuis
532 3552 743 3650 temporibus.
772 3554 906 3647 lnsuper
930 3549 1020 3623 omni
1037 3561 1183 3644 tempore
1202 3572 1265 3644 ego
1282 3560 1314 3622 et
1331 3551 1466 3625 heredes
1483 3553 1563 3625 meis
1579 3551 1673 3627 vobis

246 3679 427 3773 vestrisque
450 3679 623 3754 heredibus
646 3677 811 3750 nominata
834 3677 960 3771 integra
985 3685 1071 3748 terra
1096 3677 1191 3748 sicuti
1218 3700 1277 3772 per
1305 3677 1485 3748 nominatas
1509 3677 1672 3750 coheren-

247 3807 308 3878 tias
331 3807 425 3878 vobis
449 3831 487 3880 ea
511 3806 674 3879 insinuabi
698 3828 739 3879 av
763 3801 853 3876 omni
879 3804 1012 3878 bomine
1036 3803 1192 3899 omnique
1208 3805 1354 3898 personis
1371 3805 1406 3876 in
1429 3804 1580 3876 omnibus
1606 3829 1672 3876 au-

246 3941 364 4004 testare
387 3941 420 4004 et
443 3934 607 4005 defensare
630 3930 860 4028 promittimus.
885 3954 946 4025 pro
970 3953 1010 4003 eo
1035 3933 1125 4026 quod
1151 3931 1188 4002 in
1215 3931 1357 4024 presenti
1390 3931 1498 4024 accepi
1523 3955 1541 4000 a
1577 3931 1671 4002 vobis

247 4054 365 4126 exinde
389 4055 462 4127 auri
493 4054 614 4129 solidos
651 4065 793 4150 quatuor
824 4052 1008 4150 bytianteos
1043 4053 1127 4124 sicut
1162 4053 1246 4124 inter
1275 4053 1368 4124 nobis
1404 4053 1597 4125 combanit:
1637 4058 1672 4127 Si

248 4189 357 4250 autem
382 4203 445 4274 ego
469 4179 523 4250 vel
545 4178 680 4252 heredes
704 4176 785 4249 meis
808 4174 926 4272 quobis
948 4184 1095 4269 tempore
1119 4185 1232 4245 contra
1256 4175 1340 4246 bano
1370 4175 1517 4248 chartula
1550 4181 1671 4252 vendi-

247 4299 345 4372 tionis
368 4313 406 4372 ut
429 4323 527 4396 super
550 4300 671 4396 legitur
694 4300 807 4373 venire
831 4297 1122 4392 presumpserimus
1151 4310 1183 4371 et
1216 4300 1351 4372 minime
1384 4301 1673 4396 adimpleverimus

123 4511 126 4518 ,
248 4429 309 4501 bec
334 4429 443 4502 omnia
478 4428 645 4500 nominata
667 4451 726 4523 per
761 4426 907 4523 quolibet
931 4428 1067 4499 modum
1104 4438 1161 4502 aut
1196 4429 1374 4501 summissis
1412 4429 1559 4524 personis
1595 4443 1672 4504 tune

248 4554 474 4650 componimus
498 4552 592 4624 vobis
615 4550 797 4646 vestrisque
831 4549 1004 4624 heredibus
1029 4553 1101 4626 auri
1131 4552 1251 4625 solidos
1285 4554 1457 4627 duodecim
1489 4555 1670 4652 bytianteos

248 4693 281 4754 et
303 4681 364 4754 bec
388 4681 535 4754 chartula
564 4678 760 4752 venditionis
793 4686 832 4748 ut
868 4699 966 4772 super
1001 4679 1123 4776 legitur
1155 4685 1197 4752 sit
1220 4681 1342 4752 tirma:
1382 4683 1490 4768 Quam
1525 4681 1671 4756 chartula

247 4806 446 4879 venditionis
468 4807 554 4879 sicut
578 4804 728 4900 superius
751 4803 872 4898 legitur
896 4827 914 4874 a
937 4804 1032 4876 nobis
1066 4808 1149 4878 lacta
1176 4807 1275 4880 david
1307 4809 1439 4884 curialis
1471 4811 1675 4885 scribendam

248 4931 363 5026 rogavi
389 4934 442 5004 die
467 4943 500 5006 et
524 4931 701 5004 indictione
724 4931 890 5002 nominata
915 4929 1076 5026 quinta†
