<?xml version="1.0" encoding="UTF-8"?>
<!DOCTYPE html PUBLIC "-//W3C//DTD XHTML 1.0 Transitional//EN"
    "http://www.w3.org/TR/xhtml1/DTD/xhtml1-transitional.dtd">
<html xmlns="http://www.w3.org/1999/xhtml" xml:lang="en" lang="en">
 <head>
  <title>
</title>
<meta http-equiv="Content-Type" content="text/html;charset=utf-8" />
  <meta name='ocr-system' content='tesseract 3.04.00' />
  <meta name='ocr-capabilities' content='ocr_page ocr_carea ocr_par ocr_line ocrx_word'/>
</head>
<body>
  <div class='ocr_page' id='page_1' title='image "./monumentaeditaa01napogoog_0017.png"; bbox 0 0 4616 6532; ppageno 0'>
   <div class='ocr_carea' id='block_1_1' title="bbox 549 840 1454 1058">
    <p class='ocr_par' dir='ltr' id='par_1_1' title="bbox 549 840 1454 1058">
     <span class='ocr_line' id='line_1_1' title="bbox 549 840 1454 1058; baseline 0.008 -68"><span class='ocrx_word' id='word_1_1' title='bbox 549 840 1336 996; x_wconf 76' lang='lat' dir='ltr'><strong>nroanrounua</strong></span> <span class='ocrx_word' id='word_1_2' title='bbox 1435 1045 1454 1058; x_wconf 67' lang='lat'><strong>,.</strong></span> 
     </span>
    </p>
   </div>
   <div class='ocr_carea' id='block_1_2' title="bbox 766 1151 1068 1208">
    <p class='ocr_par' dir='ltr' id='par_1_2' title="bbox 766 1151 1068 1208">
     <span class='ocr_line' id='line_1_2' title="bbox 766 1151 1068 1208; baseline -0.013 0"><span class='ocrx_word' id='word_1_3' title='bbox 766 1151 1068 1208; x_wconf 50' lang='lat' dir='ltr'><strong>”fibro-</strong></span> 
     </span>
    </p>
   </div>
   <div class='ocr_carea' id='block_1_3' title="bbox 785 1579 1631 1998">
    <p class='ocr_par' dir='ltr' id='par_1_3' title="bbox 785 1579 1631 1998">
     <span class='ocr_line' id='line_1_3' title="bbox 785 1579 1621 1646; baseline -0.005 -12"><span class='ocrx_word' id='word_1_4' title='bbox 785 1583 853 1646; x_wconf 72' lang='lat' dir='ltr'><strong>Erro</strong></span> <span class='ocrx_word' id='word_1_5' title='bbox 870 1595 923 1633; x_wconf 91' lang='lat' dir='ltr'><strong>non</strong></span> <span class='ocrx_word' id='word_1_6' title='bbox 941 1581 1088 1635; x_wconf 84' lang='lat' dir='ltr'><strong>eruditionis</strong></span> <span class='ocrx_word' id='word_1_7' title='bbox 1104 1583 1235 1632; x_wconf 76' lang='lat' dir='ltr'><strong>dumtaxat</strong></span> <span class='ocrx_word' id='word_1_8' title='bbox 1251 1579 1440 1646; x_wconf 79' lang='lat' dir='ltr'><strong>amplificandae</strong></span> <span class='ocrx_word' id='word_1_9' title='bbox 1461 1581 1556 1645; x_wconf 60' lang='lat' dir='ltr'><strong>gratim</strong></span> <span class='ocrx_word' id='word_1_10' title='bbox 1575 1581 1621 1634; x_wconf 82' lang='lat' dir='ltr'><strong>sed</strong></span> 
     </span>
     <span class='ocr_line' id='line_1_4' title="bbox 815 1671 1623 1736; baseline -0.005 -13"><span class='ocrx_word' id='word_1_11' title='bbox 815 1685 859 1736; x_wconf 83' lang='lat' dir='ltr'><strong>spe</strong></span> <span class='ocrx_word' id='word_1_12' title='bbox 875 1673 951 1723; x_wconf 85' lang='lat' dir='ltr'><strong>etiam</strong></span> <span class='ocrx_word' id='word_1_13' title='bbox 965 1671 1115 1722; x_wconf 75' lang='lat' dir='ltr'><strong>referendae</strong></span> <span class='ocrx_word' id='word_1_14' title='bbox 1130 1671 1266 1734; x_wconf 82' lang='lat' dir='ltr'><strong>voluptatis</strong></span> <span class='ocrx_word' id='word_1_15' title='bbox 1276 1706 1388 1722; x_wconf 91' lang='grc'><strong>.......</strong></span> <span class='ocrx_word' id='word_1_16' title='bbox 1397 1671 1491 1722; x_wconf 78' lang='lat' dir='ltr'><strong>torruit</strong></span> <span class='ocrx_word' id='word_1_17' title='bbox 1502 1671 1623 1722; x_wconf 85' lang='lat' dir='ltr'><strong>adbibere</strong></span> 
     </span>
     <span class='ocr_line' id='line_1_5' title="bbox 814 1759 1624 1826; baseline -0.001 -15"><span class='ocrx_word' id='word_1_18' title='bbox 814 1775 891 1826; x_wconf 82' lang='lat' dir='ltr'><strong>qnam</strong></span> <span class='ocrx_word' id='word_1_19' title='bbox 907 1773 1041 1823; x_wconf 85' lang='lat' dir='ltr'><strong>possumus</strong></span> <span class='ocrx_word' id='word_1_20' title='bbox 1054 1761 1139 1812; x_wconf 88' lang='lat' dir='ltr'><strong>lucem</strong></span> <span class='ocrx_word' id='word_1_21' title='bbox 1155 1762 1267 1811; x_wconf 80' lang='lat' dir='ltr'><strong>obscuris</strong></span> <span class='ocrx_word' id='word_1_22' title='bbox 1282 1763 1312 1810; x_wconf 87' lang='lat' dir='ltr'><strong>iis</strong></span> <span class='ocrx_word' id='word_1_23' title='bbox 1326 1759 1448 1823; x_wconf 84' lang='lat' dir='ltr'><strong>saeculis,</strong></span> <span class='ocrx_word' id='word_1_24' title='bbox 1461 1763 1560 1825; x_wconf 86' lang='lat' dir='ltr'><strong>etquid</strong></span> <span class='ocrx_word' id='word_1_25' title='bbox 1572 1775 1624 1810; x_wconf 90' lang='lat' dir='ltr'><strong>ma-</strong></span> 
     </span>
     <span class='ocr_line' id='line_1_6' title="bbox 813 1847 1631 1915; baseline -0.001 -18"><span class='ocrx_word' id='word_1_26' title='bbox 813 1849 881 1900; x_wconf 86' lang='lat' dir='ltr'><strong>iores</strong></span> <span class='ocrx_word' id='word_1_27' title='bbox 896 1849 976 1898; x_wconf 81' lang='lat' dir='ltr'><strong>nostri</strong></span> <span class='ocrx_word' id='word_1_28' title='bbox 991 1849 1106 1915; x_wconf 73' lang='lat' dir='ltr'><strong>egerint,</strong></span> <span class='ocrx_word' id='word_1_29' title='bbox 1122 1854 1239 1900; x_wconf 76' lang='lat' dir='ltr'><strong>securata</strong></span> <span class='ocrx_word' id='word_1_30' title='bbox 1255 1847 1394 1910; x_wconf 76' lang='lat' dir='ltr'><strong>expiscari,</strong></span> <span class='ocrx_word' id='word_1_31' title='bbox 1410 1849 1631 1909; x_wconf 73' lang='lat' dir='ltr'><strong>ntprtssenttum.</strong></span> 
     </span>
     <span class='ocr_line' id='line_1_7' title="bbox 811 1935 1623 1998; baseline 0.001 -11"><span class='ocrx_word' id='word_1_32' title='bbox 811 1935 897 1987; x_wconf 81' lang='lat' dir='ltr'><strong>fontes</strong></span> <span class='ocrx_word' id='word_1_33' title='bbox 905 1942 932 1988; x_wconf 84' lang='lat' dir='ltr'><strong>et</strong></span> <span class='ocrx_word' id='word_1_34' title='bbox 939 1947 1025 1988; x_wconf 79' lang='lat' dir='ltr'><strong>musas</strong></span> <span class='ocrx_word' id='word_1_35' title='bbox 1032 1949 1084 1986; x_wconf 90' lang='lat' dir='ltr'><strong>uno</strong></span> <span class='ocrx_word' id='word_1_36' title='bbox 1092 1940 1207 1998; x_wconf 83' lang='lat' dir='ltr'><strong>tempore</strong></span> <span class='ocrx_word' id='word_1_37' title='bbox 1216 1941 1242 1986; x_wconf 91' lang='lat' dir='ltr'><strong>et</strong></span> <span class='ocrx_word' id='word_1_38' title='bbox 1250 1937 1623 1988; x_wconf 80' lang='lat' dir='ltr'><strong>cumdelccutionctencsmus.</strong></span> 
     </span>
    </p>
   </div>
   <div class='ocr_carea' id='block_1_4' title="bbox 1101 2059 1590 2126">
    <p class='ocr_par' dir='ltr' id='par_1_4' title="bbox 1101 2059 1590 2126">
     <span class='ocr_line' id='line_1_8' title="bbox 1101 2059 1590 2126; baseline 0 -14"><span class='ocrx_word' id='word_1_39' title='bbox 1101 2059 1210 2112; x_wconf 79' lang='lat' dir='ltr'><strong>Mum.</strong></span> <span class='ocrx_word' id='word_1_40' title='bbox 1226 2061 1258 2112; x_wconf 78' lang='grc' dir='ltr'><strong>Δ.</strong></span> <span class='ocrx_word' id='word_1_41' title='bbox 1273 2059 1315 2114; x_wconf 81' lang='grc' dir='ltr'><strong>Μ.</strong></span> <span class='ocrx_word' id='word_1_42' title='bbox 1329 2060 1383 2112; x_wconf 81' lang='grc' dir='ltr'><strong>ΔΕ.</strong></span> <span class='ocrx_word' id='word_1_43' title='bbox 1400 2065 1419 2112; x_wconf 83' lang='lat' dir='ltr'><strong>t.</strong></span> <span class='ocrx_word' id='word_1_44' title='bbox 1435 2061 1457 2110; x_wconf 91' lang='lat'><strong>1.</strong></span> <span class='ocrx_word' id='word_1_45' title='bbox 1474 2061 1590 2126; x_wconf 74' lang='lat' dir='ltr'><strong>Praesat.</strong></span> 
     </span>
    </p>
   </div>
   <div class='ocr_carea' id='block_1_5' title="bbox 221 2439 1667 3216">
    <p class='ocr_par' dir='ltr' id='par_1_5' title="bbox 221 2439 1667 3216">
     <span class='ocr_line' id='line_1_9' title="bbox 224 2439 1650 2630; baseline -0.007 -24"><span class='ocrx_word' id='word_1_46' title='bbox 224 2439 538 2606; x_wconf 79' lang='lat' dir='ltr'><strong>Comrnnruu</strong></span> <span class='ocrx_word' id='word_1_47' title='bbox 584 2515 759 2630; x_wconf 87' lang='lat' dir='ltr'><strong>quidem</strong></span> <span class='ocrx_word' id='word_1_48' title='bbox 806 2517 1000 2602; x_wconf 90' lang='lat' dir='ltr'><strong>omnibus</strong></span> <span class='ocrx_word' id='word_1_49' title='bbox 1049 2515 1228 2600; x_wconf 89' lang='lat' dir='ltr'><strong>habetur</strong></span> <span class='ocrx_word' id='word_1_50' title='bbox 1284 2513 1503 2601; x_wconf 87' lang='lat' dir='ltr'><strong>diuturnas</strong></span> <span class='ocrx_word' id='word_1_51' title='bbox 1537 2574 1550 2620; x_wconf 92' lang='lat'><strong>,</strong></span> <span class='ocrx_word' id='word_1_52' title='bbox 1606 2531 1650 2596; x_wconf 91' lang='lat' dir='ltr'><strong>et</strong></span> 
     </span>
     <span class='ocr_line' id='line_1_10' title="bbox 223 2655 1643 2772; baseline -0.004 -28"><span class='ocrx_word' id='word_1_53' title='bbox 223 2662 444 2746; x_wconf 87' lang='lat' dir='ltr'><strong>acerrimas</strong></span> <span class='ocrx_word' id='word_1_54' title='bbox 471 2661 825 2764; x_wconf 81' lang='lat' dir='ltr'><strong>concertationes,</strong></span> <span class='ocrx_word' id='word_1_55' title='bbox 855 2687 965 2772; x_wconf 90' lang='lat' dir='ltr'><strong>quae</strong></span> <span class='ocrx_word' id='word_1_56' title='bbox 993 2658 1191 2744; x_wconf 88' lang='lat' dir='ltr'><strong>litteratos</strong></span> <span class='ocrx_word' id='word_1_57' title='bbox 1219 2659 1324 2742; x_wconf 89' lang='lat' dir='ltr'><strong>inter</strong></span> <span class='ocrx_word' id='word_1_58' title='bbox 1352 2659 1463 2742; x_wconf 88' lang='lat' dir='ltr'><strong>viros</strong></span> <span class='ocrx_word' id='word_1_59' title='bbox 1492 2655 1544 2740; x_wconf 92' lang='lat' dir='ltr'><strong>de</strong></span> <span class='ocrx_word' id='word_1_60' title='bbox 1564 2655 1643 2740; x_wconf 85' lang='lat' dir='ltr'><strong>Rei</strong></span> 
     </span>
     <span class='ocr_line' id='line_1_11' title="bbox 222 2801 1650 2918; baseline -0.004 -29"><span class='ocrx_word' id='word_1_61' title='bbox 222 2805 527 2918; x_wconf 88' lang='lat' dir='ltr'><strong>Diplomaticae</strong></span> <span class='ocrx_word' id='word_1_62' title='bbox 554 2803 941 2916; x_wconf 82' lang='lat' dir='ltr'><strong>praeceptionibus,</strong></span> <span class='ocrx_word' id='word_1_63' title='bbox 985 2832 1033 2888; x_wconf 86' lang='lat' dir='ltr'><strong>ac</strong></span> <span class='ocrx_word' id='word_1_64' title='bbox 1061 2801 1114 2892; x_wconf 85' lang='lat' dir='ltr'><strong>de</strong></span> <span class='ocrx_word' id='word_1_65' title='bbox 1143 2821 1335 2890; x_wconf 90' lang='lat' dir='ltr'><strong>veterum</strong></span> <span class='ocrx_word' id='word_1_66' title='bbox 1355 2817 1650 2886; x_wconf 90' lang='lat' dir='ltr'><strong>monumento·</strong></span> 
     </span>
     <span class='ocr_line' id='line_1_12' title="bbox 221 2921 1667 3060; baseline -0.003 -28"><span class='ocrx_word' id='word_1_67' title='bbox 221 2921 320 3032; x_wconf 88' lang='lat' dir='ltr'><strong>rum</strong></span> <span class='ocrx_word' id='word_1_68' title='bbox 349 2949 602 3060; x_wconf 81' lang='lat' dir='ltr'><strong>ingenuitate</strong></span> <span class='ocrx_word' id='word_1_69' title='bbox 630 2965 818 3032; x_wconf 89' lang='lat' dir='ltr'><strong>anteacto</strong></span> <span class='ocrx_word' id='word_1_70' title='bbox 846 2947 1008 3032; x_wconf 88' lang='lat' dir='ltr'><strong>saeculo</strong></span> <span class='ocrx_word' id='word_1_71' title='bbox 1035 2975 1110 3058; x_wconf 88' lang='lat' dir='ltr'><strong>per</strong></span> <span class='ocrx_word' id='word_1_72' title='bbox 1138 2973 1309 3032; x_wconf 90' lang='lat' dir='ltr'><strong>omnem</strong></span> <span class='ocrx_word' id='word_1_73' title='bbox 1328 2942 1415 3028; x_wconf 87' lang='lat' dir='ltr'><strong>fere</strong></span> <span class='ocrx_word' id='word_1_74' title='bbox 1430 2945 1667 3056; x_wconf 89' lang='lat' dir='ltr'><strong>Europam·</strong></span> 
     </span>
     <span class='ocr_line' id='line_1_13' title="bbox 223 3087 1649 3216; baseline -0.004 -39"><span class='ocrx_word' id='word_1_75' title='bbox 223 3111 491 3194; x_wconf 86' lang='lat' dir='ltr'><strong>exarserunt,</strong></span> <span class='ocrx_word' id='word_1_76' title='bbox 521 3092 756 3216; x_wconf 86' lang='lat' dir='ltr'><strong>plurimum</strong></span> <span class='ocrx_word' id='word_1_77' title='bbox 783 3089 972 3174; x_wconf 85' lang='lat' dir='ltr'><strong>utilitatis</strong></span> <span class='ocrx_word' id='word_1_78' title='bbox 1000 3092 1079 3200; x_wconf 88' lang='lat' dir='ltr'><strong>ipsi</strong></span> <span class='ocrx_word' id='word_1_79' title='bbox 1102 3089 1408 3202; x_wconf 89' lang='lat' dir='ltr'><strong>Diplornaticae</strong></span> <span class='ocrx_word' id='word_1_80' title='bbox 1429 3087 1506 3171; x_wconf 87' lang='lat' dir='ltr'><strong>Rei</strong></span> <span class='ocrx_word' id='word_1_81' title='bbox 1520 3107 1649 3173; x_wconf 80' lang='lat' dir='ltr'><strong>attu-</strong></span> 
     </span>
    </p>
   </div>
   <div class='ocr_carea' id='block_1_6' title="bbox 219 3219 1648 5175">
    <p class='ocr_par' dir='ltr' id='par_1_6' title="bbox 219 3219 1648 5175">
     <span class='ocr_line' id='line_1_14' title="bbox 224 3219 1648 3343; baseline -0.001 -30"><span class='ocrx_word' id='word_1_82' title='bbox 224 3231 349 3338; x_wconf 88' lang='lat' dir='ltr'><strong>lisse,</strong></span> <span class='ocrx_word' id='word_1_83' title='bbox 399 3219 556 3343; x_wconf 90' lang='lat' dir='ltr'><strong>quippe</strong></span> <span class='ocrx_word' id='word_1_84' title='bbox 584 3237 713 3340; x_wconf 70' lang='lat' dir='ltr'><strong>‘quae</strong></span> <span class='ocrx_word' id='word_1_85' title='bbox 760 3259 845 3314; x_wconf 92' lang='lat' dir='ltr'><strong>non</strong></span> <span class='ocrx_word' id='word_1_86' title='bbox 891 3229 1107 3340; x_wconf 84' lang='lat' dir='ltr'><strong>vulgarem</strong></span> <span class='ocrx_word' id='word_1_87' title='bbox 1157 3228 1253 3313; x_wconf 89' lang='lat' dir='ltr'><strong>inde</strong></span> <span class='ocrx_word' id='word_1_88' title='bbox 1292 3227 1559 3342; x_wconf 87' lang='lat' dir='ltr'><strong>splendorem</strong></span> <span class='ocrx_word' id='word_1_89' title='bbox 1601 3257 1648 3312; x_wconf 91' lang='lat' dir='ltr'><strong>ac</strong></span> 
     </span>
     <span class='ocr_line' id='line_1_15' title="bbox 221 3369 1648 3484; baseline 0.002 -27"><span class='ocrx_word' id='word_1_90' title='bbox 221 3373 514 3484; x_wconf 88' lang='lat' dir='ltr'><strong>praestantiam</strong></span> <span class='ocrx_word' id='word_1_91' title='bbox 542 3369 669 3456; x_wconf 85' lang='lat' dir='ltr'><strong>fuerit</strong></span> <span class='ocrx_word' id='word_1_92' title='bbox 697 3391 895 3457; x_wconf 84' lang='lat' dir='ltr'><strong>assecuta.</strong></span> <span class='ocrx_word' id='word_1_93' title='bbox 927 3372 1094 3460; x_wconf 90' lang='lat' dir='ltr'><strong>Verum</strong></span> <span class='ocrx_word' id='word_1_94' title='bbox 1139 3370 1255 3458; x_wconf 91' lang='lat' dir='ltr'><strong>nullo</strong></span> <span class='ocrx_word' id='word_1_95' title='bbox 1295 3390 1417 3484; x_wconf 87' lang='lat' dir='ltr'><strong>pacto</strong></span> <span class='ocrx_word' id='word_1_96' title='bbox 1459 3371 1648 3460; x_wconf 85' lang='lat' dir='ltr'><strong>infician-</strong></span> 
     </span>
     <span class='ocr_line' id='line_1_16' title="bbox 220 3511 1648 3604; baseline 0.001 -4"><span class='ocrx_word' id='word_1_97' title='bbox 220 3518 326 3600; x_wconf 91' lang='lat' dir='ltr'><strong>dum</strong></span> <span class='ocrx_word' id='word_1_98' title='bbox 354 3513 522 3602; x_wconf 85' lang='lat' dir='ltr'><strong>videtur</strong></span> <span class='ocrx_word' id='word_1_99' title='bbox 569 3511 736 3598; x_wconf 87' lang='lat' dir='ltr'><strong>easdem</strong></span> <span class='ocrx_word' id='word_1_100' title='bbox 774 3514 865 3599; x_wconf 88' lang='lat' dir='ltr'><strong>illas</strong></span> <span class='ocrx_word' id='word_1_101' title='bbox 904 3515 1182 3600; x_wconf 89' lang='lat' dir='ltr'><strong>contentiones</strong></span> <span class='ocrx_word' id='word_1_102' title='bbox 1216 3534 1382 3604; x_wconf 88' lang='lat' dir='ltr'><strong>testatas</strong></span> <span class='ocrx_word' id='word_1_103' title='bbox 1412 3513 1536 3601; x_wconf 85' lang='lat' dir='ltr'><strong>fuisse</strong></span> <span class='ocrx_word' id='word_1_104' title='bbox 1563 3546 1648 3602; x_wconf 92' lang='lat' dir='ltr'><strong>non</strong></span> 
     </span>
     <span class='ocr_line' id='line_1_17' title="bbox 225 3659 1646 3772; baseline 0.001 -25"><span class='ocrx_word' id='word_1_105' title='bbox 225 3662 352 3748; x_wconf 91' lang='lat' dir='ltr'><strong>modo</strong></span> <span class='ocrx_word' id='word_1_106' title='bbox 380 3660 707 3748; x_wconf 89' lang='lat' dir='ltr'><strong>imbecillitatem</strong></span> <span class='ocrx_word' id='word_1_107' title='bbox 735 3659 991 3764; x_wconf 88' lang='lat' dir='ltr'><strong>hominum,</strong></span> <span class='ocrx_word' id='word_1_108' title='bbox 1023 3663 1097 3772; x_wconf 92' lang='lat' dir='ltr'><strong>qui</strong></span> <span class='ocrx_word' id='word_1_109' title='bbox 1126 3661 1323 3748; x_wconf 88' lang='lat' dir='ltr'><strong>adversus</strong></span> <span class='ocrx_word' id='word_1_110' title='bbox 1352 3682 1568 3752; x_wconf 88' lang='lat' dir='ltr'><strong>aeternum</strong></span> <span class='ocrx_word' id='word_1_111' title='bbox 1599 3693 1646 3749; x_wconf 92' lang='lat' dir='ltr'><strong>ac</strong></span> 
     </span>
     <span class='ocr_line' id='line_1_18' title="bbox 219 3799 1644 3906; baseline 0.002 -17"><span class='ocrx_word' id='word_1_112' title='bbox 219 3803 530 3890; x_wconf 82' lang='lat' dir='ltr'><strong>immutabilem</strong></span> <span class='ocrx_word' id='word_1_113' title='bbox 558 3831 703 3885; x_wconf 91' lang='lat' dir='ltr'><strong>rerum</strong></span> <span class='ocrx_word' id='word_1_114' title='bbox 730 3800 920 3886; x_wconf 87' lang='lat' dir='ltr'><strong>ordinem</strong></span> <span class='ocrx_word' id='word_1_115' title='bbox 949 3799 1101 3888; x_wconf 84' lang='lat' dir='ltr'><strong>frustra</strong></span> <span class='ocrx_word' id='word_1_116' title='bbox 1129 3803 1384 3906; x_wconf 90' lang='lat' dir='ltr'><strong>moliuntur,</strong></span> <span class='ocrx_word' id='word_1_117' title='bbox 1416 3805 1487 3888; x_wconf 88' lang='lat' dir='ltr'><strong>sed</strong></span> <span class='ocrx_word' id='word_1_118' title='bbox 1516 3809 1644 3892; x_wconf 87' lang='lat' dir='ltr'><strong>etiam</strong></span> 
     </span>
     <span class='ocr_line' id='line_1_19' title="bbox 220 3934 1647 4061; baseline -0.001 -28"><span class='ocrx_word' id='word_1_119' title='bbox 220 3949 354 4052; x_wconf 91' lang='lat' dir='ltr'><strong>illud,</strong></span> <span class='ocrx_word' id='word_1_120' title='bbox 374 3943 500 4056; x_wconf 69' lang='lat' dir='ltr'><strong>quod</strong></span> <span class='ocrx_word' id='word_1_121' title='bbox 522 3943 805 4026; x_wconf 87' lang='lat' dir='ltr'><strong>acerbioribus</strong></span> <span class='ocrx_word' id='word_1_122' title='bbox 833 3953 859 4028; x_wconf 84' lang='lat' dir='ltr'><strong>e&#39;</strong></span> <span class='ocrx_word' id='word_1_123' title='bbox 884 3939 1229 4052; x_wconf 82' lang='lat' dir='ltr'><strong>disputationibus</strong></span> <span class='ocrx_word' id='word_1_124' title='bbox 1256 3934 1523 4059; x_wconf 82' lang='lat' dir='ltr'><strong>plerumque.</strong></span> <span class='ocrx_word' id='word_1_125' title='bbox 1550 3977 1647 4061; x_wconf 85' lang='lat' dir='ltr'><strong>pro-</strong></span> 
     </span>
     <span class='ocr_line' id='line_1_20' title="bbox 220 4085 1644 4209; baseline 0.001 -32"><span class='ocrx_word' id='word_1_126' title='bbox 220 4091 344 4178; x_wconf 85' lang='lat' dir='ltr'><strong>ficisci</strong></span> <span class='ocrx_word' id='word_1_127' title='bbox 372 4085 619 4191; x_wconf 86' lang='lat' dir='ltr'><strong>consuevit,</strong></span> <span class='ocrx_word' id='word_1_128' title='bbox 650 4111 803 4196; x_wconf 88' lang='lat' dir='ltr'><strong>nempe</strong></span> <span class='ocrx_word' id='word_1_129' title='bbox 832 4102 879 4168; x_wconf 93' lang='lat' dir='ltr'><strong>ut</strong></span> <span class='ocrx_word' id='word_1_130' title='bbox 906 4085 1202 4198; x_wconf 89' lang='lat' dir='ltr'><strong>praestitutum</strong></span> <span class='ocrx_word' id='word_1_131' title='bbox 1230 4085 1308 4172; x_wconf 90' lang='lat' dir='ltr'><strong>sibi</strong></span> <span class='ocrx_word' id='word_1_132' title='bbox 1336 4089 1515 4178; x_wconf 89' lang='lat' dir='ltr'><strong>modum</strong></span> <span class='ocrx_word' id='word_1_133' title='bbox 1554 4095 1644 4209; x_wconf 87' lang='lat' dir='ltr'><strong>opi-</strong></span> 
     </span>
     <span class='ocr_line' id='line_1_21' title="bbox 219 4227 1646 4345; baseline 0.004 -24"><span class='ocrx_word' id='word_1_134' title='bbox 219 4237 361 4322; x_wconf 89' lang='lat' dir='ltr'><strong>niones</strong></span> <span class='ocrx_word' id='word_1_135' title='bbox 387 4231 613 4316; x_wconf 90' lang='lat' dir='ltr'><strong>homiuum</strong></span> <span class='ocrx_word' id='word_1_136' title='bbox 630 4227 1016 4339; x_wconf 82' lang='lat' dir='ltr'><strong>praetervehuntur.</strong></span> <span class='ocrx_word' id='word_1_137' title='bbox 1038 4228 1151 4318; x_wconf 90' lang='lat' dir='ltr'><strong>Cum</strong></span> <span class='ocrx_word' id='word_1_138' title='bbox 1170 4231 1284 4316; x_wconf 89' lang='lat' dir='ltr'><strong>enim</strong></span> <span class='ocrx_word' id='word_1_139' title='bbox 1303 4233 1471 4345; x_wconf 84' lang='lat' dir='ltr'><strong>singulis</strong></span> <span class='ocrx_word' id='word_1_140' title='bbox 1489 4235 1646 4326; x_wconf 88' lang='lat' dir='ltr'><strong>huma-</strong></span> 
     </span>
     <span class='ocr_line' id='line_1_22' title="bbox 219 4355 1644 4487; baseline 0.005 -25"><span class='ocrx_word' id='word_1_141' title='bbox 219 4377 283 4462; x_wconf 93' lang='lat' dir='ltr'><strong>nis</strong></span> <span class='ocrx_word' id='word_1_142' title='bbox 310 4373 463 4478; x_wconf 85' lang='lat' dir='ltr'><strong>rebus,</strong></span> <span class='ocrx_word' id='word_1_143' title='bbox 493 4355 542 4456; x_wconf 81' lang='lat' dir='ltr'><strong>ac</strong></span> <span class='ocrx_word' id='word_1_144' title='bbox 570 4369 740 4478; x_wconf 84' lang='lat' dir='ltr'><strong>ingeniis</strong></span> <span class='ocrx_word' id='word_1_145' title='bbox 767 4370 1067 4482; x_wconf 86' lang='lat' dir='ltr'><strong>praescriptum</strong></span> <span class='ocrx_word' id='word_1_146' title='bbox 1094 4370 1172 4478; x_wconf 87' lang='lat' dir='ltr'><strong>sit,</strong></span> <span class='ocrx_word' id='word_1_147' title='bbox 1205 4392 1252 4458; x_wconf 93' lang='lat' dir='ltr'><strong>ut</strong></span> <span class='ocrx_word' id='word_1_148' title='bbox 1279 4403 1357 4487; x_wconf 88' lang='lat' dir='ltr'><strong>per</strong></span> <span class='ocrx_word' id='word_1_149' title='bbox 1384 4379 1521 4466; x_wconf 87' lang='lat' dir='ltr'><strong>varios</strong></span> <span class='ocrx_word' id='word_1_150' title='bbox 1548 4385 1644 4470; x_wconf 89' lang='lat' dir='ltr'><strong>sub·</strong></span> 
     </span>
     <span class='ocr_line' id='line_1_23' title="bbox 220 4513 1644 4629; baseline 0.008 -22"><span class='ocrx_word' id='word_1_151' title='bbox 220 4519 318 4608; x_wconf 88' lang='lat' dir='ltr'><strong>inde</strong></span> <span class='ocrx_word' id='word_1_152' title='bbox 345 4515 498 4629; x_wconf 83' lang='lat' dir='ltr'><strong>gradus</strong></span> <span class='ocrx_word' id='word_1_153' title='bbox 524 4513 818 4629; x_wconf 82' lang='lat' dir='ltr'><strong>perfectionem</strong></span> <span class='ocrx_word' id='word_1_154' title='bbox 846 4515 1161 4623; x_wconf 87' lang='lat' dir='ltr'><strong>nanciscantur,</strong></span> <span class='ocrx_word' id='word_1_155' title='bbox 1193 4546 1270 4604; x_wconf 90' lang='lat' dir='ltr'><strong>nec</strong></span> <span class='ocrx_word' id='word_1_156' title='bbox 1297 4548 1413 4610; x_wconf 88' lang='lat' dir='ltr'><strong>secus</strong></span> <span class='ocrx_word' id='word_1_157' title='bbox 1440 4523 1644 4620; x_wconf 84' lang='lat' dir='ltr'><strong>deteriore</strong></span> 
     </span>
     <span class='ocr_line' id='line_1_24' title="bbox 221 4655 1641 4778; baseline 0.006 -32"><span class='ocrx_word' id='word_1_158' title='bbox 221 4660 438 4768; x_wconf 83' lang='lat' dir='ltr'><strong>eradant,</strong></span> <span class='ocrx_word' id='word_1_159' title='bbox 467 4658 501 4743; x_wconf 91' lang='lat' dir='ltr'><strong>si</strong></span> <span class='ocrx_word' id='word_1_160' title='bbox 529 4655 637 4741; x_wconf 86' lang='lat' dir='ltr'><strong>forte</strong></span> <span class='ocrx_word' id='word_1_161' title='bbox 664 4657 900 4766; x_wconf 85' lang='lat' dir='ltr'><strong>contingat,</strong></span> <span class='ocrx_word' id='word_1_162' title='bbox 930 4674 978 4739; x_wconf 93' lang='lat' dir='ltr'><strong>ut</strong></span> <span class='ocrx_word' id='word_1_163' title='bbox 1007 4684 1058 4744; x_wconf 87' lang='lat' dir='ltr'><strong>ex</strong></span> <span class='ocrx_word' id='word_1_164' title='bbox 1088 4658 1295 4770; x_wconf 88' lang='lat' dir='ltr'><strong>insperato</strong></span> <span class='ocrx_word' id='word_1_165' title='bbox 1314 4689 1438 4752; x_wconf 86' lang='lat' dir='ltr'><strong>causa</strong></span> <span class='ocrx_word' id='word_1_166' title='bbox 1459 4667 1641 4778; x_wconf 86' lang='lat' dir='ltr'><strong>accedat,</strong></span> 
     </span>
     <span class='ocr_line' id='line_1_25' title="bbox 220 4796 1646 4918; baseline 0.009 -32"><span class='ocrx_word' id='word_1_167' title='bbox 220 4833 311 4918; x_wconf 89' lang='lat' dir='ltr'><strong>qua</strong></span> <span class='ocrx_word' id='word_1_168' title='bbox 335 4804 478 4888; x_wconf 88' lang='lat' dir='ltr'><strong>statim</strong></span> <span class='ocrx_word' id='word_1_169' title='bbox 507 4797 656 4884; x_wconf 89' lang='lat' dir='ltr'><strong>eadem</strong></span> <span class='ocrx_word' id='word_1_170' title='bbox 684 4796 739 4884; x_wconf 89' lang='lat' dir='ltr'><strong>ad</strong></span> <span class='ocrx_word' id='word_1_171' title='bbox 767 4825 985 4886; x_wconf 89' lang='lat' dir='ltr'><strong>summum</strong></span> <span class='ocrx_word' id='word_1_172' title='bbox 1012 4801 1181 4888; x_wconf 89' lang='lat' dir='ltr'><strong>culmen</strong></span> <span class='ocrx_word' id='word_1_173' title='bbox 1221 4802 1489 4916; x_wconf 87' lang='lat' dir='ltr'><strong>evehantur,</strong></span> <span class='ocrx_word' id='word_1_174' title='bbox 1535 4831 1646 4900; x_wconf 91' lang='lat' dir='ltr'><strong>recto</strong></span> 
     </span>
     <span class='ocr_line' id='line_1_26' title="bbox 221 4941 1647 5058; baseline 0.007 -26"><span class='ocrx_word' id='word_1_175' title='bbox 221 4948 324 5032; x_wconf 91' lang='lat' dir='ltr'><strong>inibi</strong></span> <span class='ocrx_word' id='word_1_176' title='bbox 353 4947 438 5032; x_wconf 91' lang='lat' dir='ltr'><strong>talo</strong></span> <span class='ocrx_word' id='word_1_177' title='bbox 465 4960 573 5035; x_wconf 84' lang='lat' dir='ltr'><strong>stare</strong></span> <span class='ocrx_word' id='word_1_178' title='bbox 592 4961 822 5057; x_wconf 86' lang='lat' dir='ltr'><strong>nequeunt,</strong></span> <span class='ocrx_word' id='word_1_179' title='bbox 839 4941 1182 5058; x_wconf 90' lang='lat' dir='ltr'><strong>quandoquidem</strong></span> <span class='ocrx_word' id='word_1_180' title='bbox 1197 4941 1387 5035; x_wconf 91' lang='lat' dir='ltr'><strong>nondum</strong></span> <span class='ocrx_word' id='word_1_181' title='bbox 1402 4949 1647 5043; x_wconf 88' lang='lat' dir='ltr'><strong>adventarat</strong></span> 
     </span>
     <span class='ocr_line' id='line_1_27' title="bbox 1217 5119 1241 5175; baseline 0 0"><span class='ocrx_word' id='word_1_182' title='bbox 1217 5119 1241 5175; x_wconf 79' lang='lat' dir='ltr'><strong>a</strong></span> 
     </span>
    </p>
   </div>
   <div class='ocr_carea' id='block_1_7' title="bbox 0 0 2312 6532">
    <p class='ocr_par' dir='ltr' id='par_1_7' title="bbox 0 0 2312 6532">
     <span class='ocr_line' id='line_1_28' title="bbox 0 0 2312 6532; baseline 0 2"><span class='ocrx_word' id='word_1_183' title='bbox 0 0 2312 6532; x_wconf 95' lang='lat' dir='ltr'><strong> </strong></span> 
     </span>
    </p>
   </div>
  </div>
 </body>
</html>
