4692 6512
865 628 1011 724 (tat)

242 786 336 859 vinea
372 787 432 881 qui
455 788 518 859 luit
544 787 643 882 sergii
666 787 870 862 Canonarchi
894 813 976 885 quas
1008 788 1195 884 parentibus
1224 791 1290 862 tuis
1313 799 1439 886 emptas
1469 792 1663 870 babuerunt.

243 919 275 981 et
299 910 342 980 ab
366 911 431 982 alio
454 912 554 984 latere
578 923 654 984 aunt
678 923 780 986 terras
803 937 885 1008 quas
907 927 1017 988 tenere
1040 917 1192 988 videntur
1226 917 1360 989 ecclesia
1382 918 1557 996 beatissimi
1580 925 1664 1017 petri

243 1035 284 1104 da
308 1034 456 1106 diaomia
481 1037 530 1132 (ἢ)
547 1046 580 1108 et
602 1039 644 1108 ab
658 1040 720 1111 alia
735 1049 860 1133 partem
884 1047 932 1111 est
947 1039 1016 1134 ipse
1032 1042 1131 1113 maris
1155 1051 1188 1112 et
1210 1066 1253 1111 ex
1270 1043 1332 1114 alia
1348 1054 1473 1136 partem
1481 1095 1658 1120 ........

239 1159 290 1230 De
313 1185 380 1254 qua
405 1162 531 1234 dicebat
553 1187 628 1258 pars
649 1188 723 1238 mea
746 1167 824 1262 quia
847 1165 935 1238 intus
958 1169 1044 1261 ipsas
1079 1169 1279 1242 coherentias
1312 1171 1441 1262 publica
1474 1183 1665 1266 potestatem

239 1286 354 1358 habuit
376 1289 630 1364 dominationem
653 1315 716 1386 ego
740 1293 858 1366 exindo
881 1295 1001 1367 ibidem
1024 1296 1157 1368 licerem
1180 1297 1257 1366 volo
1281 1295 1425 1369 babere:
1452 1321 1527 1391 pars
1557 1309 1665 1372 autem

238 1417 294 1479 tua
318 1411 475 1482 nominati
501 1415 645 1506 gregorii
668 1415 881 1510 respondebat
903 1419 1044 1492 dicantes
1069 1428 1106 1488 ut
1129 1441 1197 1490 non
1220 1429 1302 1494 esset
1321 1424 1367 1492 ita
1383 1425 1472 1518 quod
1500 1423 1663 1518 publicam

236 1547 427 1626 potestatem
453 1562 512 1634 per
543 1543 746 1638 sexagintam
770 1545 818 1642 (3)
851 1570 952 1618 annos
975 1547 1063 1621 intus
1087 1549 1267 1622 nominatas
1303 1551 1504 1625 cohaerentias
1537 1553 1573 1623 in
1595 1553 1664 1646 ipsa

316 1837 362 1922 (a)
383 1843 430 1902 De
450 1842 581 1904 ecclesia
600 1847 634 1903 S.
656 1845 750 1905 Petri
768 1844 805 1906 de
824 1844 989 1905 Dt'ocoru‘a
1007 1842 1130 1906 nullutn
1144 1845 1295 1908 hactenus
1311 1849 1450 1908 enostris
1468 1845 1665 1926 scriptoribus

235 1951 424 2013 mentionem
443 1953 583 2017 habuisse
604 1956 817 2039 comperimus.
829 1955 1008 2018 Sabatinins
1027 1957 1093 2040 ipse
1105 1999 1115 2033 ,
1139 1959 1196 2039 qui
1217 1958 1375 2040 (Calena.
1406 1972 1428 2020 t.
1447 1963 1512 2022 VJ.
1533 1981 1611 2040 pag.
1625 1961 1661 2018 81

234 2071 266 2119 et
284 2062 399 2142 seqq.)
420 2062 567 2140 plurimas
588 2081 727 2123 recenset
746 2067 912 2132 ecclcsiae.
934 2087 1016 2140 quae
1035 2068 1093 2124 snb
1114 2067 1147 2122 S.
1171 2069 1278 2135 Petri,
1308 2082 1363 2126 aaut
1381 2069 1504 2126 insiannl
1525 2069 1579 2128 SS.
1604 2072 1663 2130 Pe-

229 2157 275 2230 ¹tri
297 2185 329 2231 et
348 2170 438 2231 Pauli
460 2169 554 2232 titulo
574 2171 608 2231 iu
630 2170 760 2234 diversis
781 2169 1004 2252 neapolitanae
1027 2169 1114 2234 urbis
1138 2170 1309 2253 regionibus
1338 2174 1377 2234 ab
1404 2174 1568 2257 antiquiori
1588 2197 1663 2240 aevo

235 2283 378 2345 conditae
398 2282 526 2345 suerunt
539 2329 548 2361 ,
570 2297 686 2348 noemae
705 2284 797 2347 huius
824 2284 970 2346 eeclesiae
1000 2303 1199 2366 nequaquam
1228 2286 1381 2346 meminit.
1415 2287 1558 2370 Capaoius
1587 2293 1660 2370 qui-

233 2396 307 2455 dem
327 2395 439 2478 (Hiat.
458 2415 548 2476 neap.
568 2395 622 2458 lib.
643 2399 673 2458 I.
692 2417 762 2476 cap.
787 2411 825 2456 sn
838 2415 918 2476 pag.
933 2393 1016 2477 113)
1036 2397 1223 2458 mentionem
1242 2396 1335 2457 habet
1355 2397 1519 2460 Diaconiae
1539 2401 1591 2462 SS.
1604 2401 1662 2462 Pe-

232 2507 271 2566 tri
294 2521 324 2567 et
344 2505 434 2569 Pauli
445 2552 455 2584 ‚
479 2527 573 2590 quam
595 2521 626 2568 et
647 2507 777 2570 Gelonus
806 2507 905 2591 (tom.
928 2506 1184 2590 IILpug.179)
1211 2523 1373 2571 memorat.
1394 2509 1515 2570 Verum
1542 2525 1663 2572 utrum-

232 2641 293 2700 que
314 2621 490 2703 scriptorem
509 2623 613 2682 erroris
633 2624 734 2704 arguit
752 2619 837 2682 idem
857 2621 1030 2682 Sabatinius
1050 2621 1096 2703 (l.
1117 2642 1145 2681 c.
1160 2622 1194 2700 ),
1218 2623 1273 2702 qui
1295 2625 1324 2683 ei
1346 2623 1516 2684 Diaconiae
1535 2625 1662 2686 titulum

223 2727 289 2788 ¹85.
303 2727 427 2788 loannis
446 2742 477 2788 et
487 2727 579 2788 Pauli
598 2728 690 2790 fuisse
711 2728 859 2790 adfirmat
869 2770 880 2804 ,
901 2743 997 2810 prout
1016 2729 1073 2790 sibi
1093 2730 1330 2810 emanuscriptis
1342 2729 1534 2806 innotuerat,
1555 2733 1664 2814 ipsam·

232 2860 295 2921 que
320 2859 385 2898 eam
409 2837 566 2900 ecclesiam
579 2839 668 2902 luisse
688 2841 803 2918 tradit,
824 2842 857 2900 in
878 2861 940 2922 qua
960 2841 1083 2902 extabat
1096 2839 1252 2905 Theodori
1272 2841 1460 2924 neapolitani
1473 2841 1566 2906 Ducis
1581 2843 1662 2927 lapis

230 2953 384 3016 litteratus
404 2973 422 3013 a
442 2951 528 3014 nobis
548 2965 729 3014 memoratus
748 2971 816 3034 pag.
840 2953 879 3010 85
901 2951 1007 3014 adnot.
1030 2951 1095 3035 (1),
1115 2955 1169 3034 qui
1189 2953 1314 3034 posthac
1333 2953 1366 3013 in
1386 2952 1545 3016 ecclesiam
1564 2955 1660 3036 vulgo

232 3079 443 3147 nuncupatam
463 3069 584 3126 Donnc
604 3063 739 3124 Rdmitu
758 3061 879 3124 delatus
899 3061 985 3140 luit,
1013 3081 1085 3122 cum
1104 3061 1137 3120 in
1158 3060 1249 3136 loco,
1280 3081 1341 3142 quo
1362 3059 1466 3122 eadem
1485 3060 1559 3123 olim
1586 3062 1662 3126 Dia·

232 3180 317 3239 conia
338 3177 438 3247 luerat
457 3188 592 3236 extructa
604 3221 614 3254 ‚
638 3175 798 3237 conditum
818 3174 927 3236 suisset
954 3175 1048 3236 simul
1073 3195 1144 3236 cum
1163 3173 1225 3234 alia
1246 3172 1499 3254 magnificentiori
1531 3175 1661 3238 ecclesia

230 3290 329 3350 rnaius
350 3287 415 3351 PP·
437 3287 594 3348 Societatis
614 3288 683 3347 lesu
702 3284 875 3365 Collegium
894 3283 991 3362 vulgo
1010 3305 1090 3344 nuuc
1110 3283 1297 3366 appellatum
1314 3283 1402 3344 Getis
1422 3283 1562 3344 vecchio.
1583 3286 1662 3348 Cum

229 3407 335 3484 itaque
355 3403 386 3464 S.
408 3403 493 3464 Petri
513 3400 659 3463 Diaconia
670 3442 681 3475 ,
702 3419 797 3481 quam
816 3396 916 3457 innuit
935 3408 1073 3459 noenum
1093 3395 1321 3460 instrumentum
1334 3395 1590 3459 nihilcommune
1604 3397 1662 3459 ha-

230 3519 330 3580 buerit
361 3537 433 3577 cum
453 3516 505 3579 SS.
525 3515 644 3578 loannis
664 3527 694 3575 et
713 3510 807 3576 Pauli
832 3510 981 3586 ecclesia,
1010 3529 1075 3571 non
1100 3509 1248 3570 immerito
1273 3508 1346 3570 binc
1365 3509 1548 3570 arbitramur
1578 3510 1662 3572 nobis

231 3627 357 3690 alteram
378 3647 416 3688 ex
434 3628 495 3687 hac
514 3625 687 3687 membrana
706 3621 870 3684 innotuisse
891 3620 1069 3682 Diaconiam
1089 3631 1210 3698 praeter
1240 3638 1311 3694 eas,
1343 3619 1476 3699 quasin
1505 3617 1663 3700 praedicta

230 3758 302 3818 pag.
326 3741 366 3801 85
388 3753 454 3799 tum
474 3757 490 3796 e
511 3735 669 3798 Mazochio
691 3732 820 3813 aliisque
841 3729 1030 3812 scriptoribus
1041 3773 1052 3809 ,
1078 3740 1147 3788 tum
1171 3741 1308 3790 euostro
1327 3728 1527 3790 instrumento
1542 3726 1662 3790 ibidem

231 3849 313 3909 edito
332 3849 572 3910 memoravimus.

311 3960 357 4043 (3)
378 3960 457 4021 Cum
476 3959 647 4022 membrana
666 3959 740 4020 baec
760 3957 928 4041 plurimum
951 3953 1140 4018 obscuritatis
1163 3953 1360 4038 praeseferat,
1389 3973 1496 4036 operae
1527 3953 1658 4035 pretium

230 4072 330 4132 lacere
351 4069 556 4145 arbitramur,
592 4071 617 4130 si
648 4089 714 4128 eam
738 4071 840 4150 paucis
869 4066 1070 4149 expediamus.
1101 4071 1228 4130 Ioannes
1257 4068 1411 4137 ot'necm,
1440 4084 1593 4144 campum
1627 4079 1659 4126 et

231 4192 401 4244 cannetum
422 4179 459 4240 de
474 4177 605 4261 publico
624 4177 900 4257 adprehenderat,
922 4178 1070 4239 nimirum
1087 4177 1211 4260 praedia
1232 4175 1271 4237 ad
1287 4175 1453 4256 publicam
1470 4183 1659 4263 potestatem

229 4292 395 4377 spectantia
413 4293 584 4372 occuparat.
608 4289 719 4355 Contra
739 4289 900 4369 Gregorius
920 4307 990 4348 cum
1010 4284 1118 4348 londos
1139 4285 1173 4348 id
1192 4306 1283 4368 genus
1304 4288 1363 4349 sibi
1388 4285 1586 4363 vindicasset,
1608 4288 1658 4348 iu-

229 4405 393 4470 reiurando
413 4403 587 4467 adfirmavit
603 4401 767 4482 publicum
783 4407 967 4482 potestatem
984 4420 1046 4480 per
1062 4419 1164 4461 annos
1184 4403 1263 4462 LX.
1284 4420 1441 4481 nunquam
1461 4399 1536 4482 ipsis
1555 4398 1659 4460 domi·

229 4535 330 4583 natam
349 4519 449 4582 luisse.
471 4518 553 4578 Hinc
572 4515 720 4597 dirempta
739 4515 798 4576 luit
818 4513 963 4576 diuturna
977 4533 1081 4574 cortun
1094 4512 1271 4590 altercatio,
1293 4534 1327 4574 ea
1349 4527 1450 4574 tamen
1469 4509 1657 4586 conditione,

228 4646 264 4693 ut
282 4633 306 4692 si
326 4628 483 4693 chartulae
502 4629 535 4688 in
554 4641 708 4711 posterum
720 4626 978 4707 compensentur,
1000 4624 1111 4706 quibus
1123 4624 1232 4686 veritas
1249 4620 1394 4686 adversus
1407 4622 1587 4704 Gregorium
1602 4639 1658 4702 pa-

229 4743 343 4808 tefieret
353 4787 363 4822 ,
381 4741 502 4827 praedia
521 4741 562 4802 ad
581 4745 722 4806 loamtem
740 4737 878 4802 redirent.

310 4856 389 4918 Cum
408 4871 483 4919 vero
501 4853 569 4918 heic
590 4854 629 4918 de
643 4853 779 4936 publicu
794 4857 970 4934 potestate,
1003 4871 1040 4912 ac
1061 4850 1100 4911 de
1120 4852 1200 4912 LX.
1225 4849 1320 4910 annis
1339 4847 1434 4910 verba
1462 4845 1558 4925 fiant,
1590 4867 1650 4907 non

229 4967 282 5028 abs
301 4986 333 5030 re
353 4965 411 5030 erit
429 4963 531 5048 paucis
550 4964 626 5030 haec
644 4963 806 5029 illustrare.
837 4963 883 5028 ac
914 4962 1047 5045 primum
1072 4958 1306 5025 animadvertere
1333 4957 1466 5042 proderit
1486 4957 1652 5039 publicam

1274 5084 1316 5145 16
