4692 6512
856 599 1000 700 (aaa)

223 750 445 844 pertinuerunt
461 749 566 826 eidem
592 751 733 846 genitori
754 753 820 826 mei
840 753 876 826 in
898 753 972 826 loco
991 756 1048 849 qui
1065 763 1200 828 vocatur
1218 753 1389 828 calbanum
1423 767 1455 828 et
1472 755 1512 828 de
1529 777 1642 830 omnes

222 889 321 948 terras
345 899 388 948 ex
411 897 465 948 eas
488 874 683 971 pertinentes
707 877 828 972 campis
851 877 941 951 silvis
965 877 1089 952 cultum
1112 878 1166 952 vel
1189 878 1348 952 incultum
1366 879 1500 952 bortuas
1524 891 1639 952 curta·

219 1000 288 1072 neis
311 1000 497 1096 longinquis
521 1011 556 1074 et
576 999 767 1098 propinquis
791 1010 923 1076 etcum
947 1003 1239 1100 appendicibusque
1263 1005 1327 1076 sets
1352 1005 1565 1100 omnibusque
1598 1007 1639 1076 ad

216 1129 399 1200 nonnata
422 1148 481 1202 sex
504 1127 615 1202 uncias
639 1152 728 1202 meas
760 1130 952 1225 generaliter
983 1132 1225 1227 pertinentibus.
1256 1159 1321 1230 que
1346 1135 1425 1206 bero
1457 1132 1638 1204 nominatas

214 1252 386 1327 sexunciaa
411 1275 501 1328 meas
524 1277 566 1326 ex
590 1253 642 1326 bis
657 1253 808 1328 omnibus
829 1256 1003 1329 nominatis
1025 1282 1089 1352 que
1106 1256 1164 1329 tibi
1180 1261 1380 1331 commutavi
1407 1259 1560 1330 indivisas
1575 1281 1635 1330 re-

214 1381 323 1452 iacent
352 1404 427 1452 cum
454 1381 532 1454 alias
558 1393 592 1454 et
617 1381 737 1454 similes
752 1405 810 1454 sex
834 1383 946 1455 uncias
971 1395 1092 1456 vestras
1117 1407 1198 1479 quas
1223 1387 1351 1458 offertas
1375 1386 1499 1458 habetis
1516 1411 1534 1458 a
1554 1383 1636 1479 qui·-

214 1508 290 1578 dem
319 1505 460 1578 iohanne
488 1525 644 1599 germano
670 1527 745 1578 meo
771 1527 831 1600 per
857 1505 1036 1580 chartulam
1065 1506 1238 1582 oblationis
1266 1522 1397 1583 vestre:
1431 1513 1481 1582 De
1516 1509 1635 1604 quibus

210 1629 293 1700 nihil
320 1628 401 1702 mibi
428 1652 470 1702 ex
500 1628 585 1723 ipsas
612 1651 670 1702 sex
686 1627 798 1702 uncias
830 1653 917 1702 meas
950 1633 990 1705 de
1018 1631 1168 1704 omnibus
1201 1633 1376 1704 nominatis
1409 1633 1542 1728 aliquod
1574 1655 1635 1704 re-

212 1752 330 1824 mansit
356 1763 413 1823 aut
436 1751 600 1826 reserbavi
621 1775 682 1853 nec
704 1753 740 1826 in
762 1753 901 1826 alienam
924 1779 1095 1850 personam
1119 1757 1266 1828 commisi
1285 1764 1497 1851 potestatem:
1523 1759 1571 1828 lta
1596 1767 1633 1828 ut

209 1878 253 1950 ba
279 1901 367 1950 nunc
382 1889 415 1950 et
431 1879 581 1975 deinceps
603 1881 826 1975 prenominata
849 1881 991 1977 integras
1014 1907 1071 1958 sex
1088 1885 1199 1956 uncias
1215 1905 1302 1958 meas
1322 1909 1363 1958 ex
1384 1885 1461 1979 ipsis
1484 1880 1634 1954 omnibus

204 2005 361 2080 omnibus
394 2004 551 2100 ospitibus
574 2006 713 2080 fundatis
738 2015 770 2080 et
794 2008 975 2080 exbrndatis
1004 2007 1101 2082 etde
1125 2009 1306 2082 nominatas
1342 2029 1454 2081 omnes
1478 2009 1634 2080 fundoras

208 2132 365 2204 rivorum
381 2143 414 2205 et
437 2143 642 2204 mortuorum
660 2132 808 2206 fundatas
824 2145 857 2203 et
880 2133 1068 2204 extundatas
1092 2155 1149 2206 seu
1173 2144 1205 2206 et
1232 2133 1462 2208 denominatis
1480 2132 1633 2204 omnibus

206 2258 433 2330 commenditis
456 2260 596 2331 fundatis
621 2270 653 2332 et
676 2257 857 2331 extundatis
880 2257 1013 2332 insimul
1036 2258 1077 2332 de
1094 2271 1232 2354 quantos
1248 2271 1281 2332 et
1296 2259 1407 2355 quales
1430 2283 1490 2354 per
1513 2260 1633 2353 quale·

205 2405 351 2477 eumque
375 2386 510 2456 modum
534 2388 666 2457 fuerunt
701 2393 733 2456 et
756 2381 981 2475 pertinuerunt
1013 2383 1119 2456 eidem
1142 2383 1283 2476 genitori
1306 2384 1373 2454 mei
1404 2383 1439 2454 in
1463 2384 1631 2454 nominato

204 2496 281 2577 loeo
304 2507 387 2577 lauri
412 2519 445 2579 et
469 2509 509 2579 de
534 2507 694 2580 uxoribus
718 2517 750 2578 et
774 2506 849 2577 filiis
872 2505 998 2578 filiabus
1020 2528 1124 2579 nurus
1143 2508 1250 2602 adque
1266 2507 1437 2601 nepotibus
1459 2515 1552 2578 natos
1568 2529 1630 2576 na-

191 2634 367 2706 scentibus
391 2645 425 2706 et
448 2657 523 2706 cum
546 2633 694 2728 ipsorum
717 2635 871 2706 fundoras
895 2644 927 2706 et
958 2635 1095 2726 cespites
1128 2655 1187 2706 seu
1222 2633 1317 2707 terris
1341 2642 1375 2706 et
1407 2633 1497 2704 silvis
1525 2635 1633 2728 adque

202 2767 332 2830 montes
355 2767 389 2830 et
411 2757 514 2851 planis
538 2760 635 2831 etde
659 2757 811 2829 omnibus
835 2756 967 2826 illorum
990 2755 1287 2828 consuetudinarias
1308 2777 1458 2828 censoras
1488 2778 1546 2830 seu
1570 2778 1632 2830 re·

203 2881 290 2978 gulis
314 2892 346 2956 et
375 2883 606 2977 responsatieas
642 2892 675 2955 et
708 2903 785 2954 cum
820 2879 970 2952 omnibus
1004 2879 1136 2953 illorum
1177 2878 1378 2972 pertiuentiis
1416 2882 1633 2978 omnibusque

202 3008 423 3088 adiacentibus
450 3018 482 3080 et
511 3008 745 3102 pertinentibus
773 3007 820 3079 eis
845 3029 905 3077 nec
931 3027 998 3076 non
1024 3013 1057 3076 et
1073 3007 1113 3078 de
1140 3027 1253 3076 omnes
1274 3006 1406 3078 illorum
1433 3019 1583 3100 paratum
1600 3021 1633 3080 et

201 3131 430 3226 conquesitum
455 3132 495 3202 de
518 3132 605 3201 intus
633 3139 666 3203 et
690 3129 770 3202 loris
792 3129 964 3202 movilium
991 3138 1024 3200 et
1052 3128 1269 3200 immoxibum
1298 3152 1433 3226 seseque
1459 3137 1629 3206 moventi-

200 3260 264 3332 bus
291 3269 324 3331 et
351 3259 392 3330 de
421 3256 522 3329 serbis
549 3268 582 3330 et
610 3257 733 3328 ancillis
749 3279 864 3328 eorum
893 3256 1109 3351 omnibusque
1134 3257 1181 3328 eis
1197 3257 1444 3350 pertinentibus.
1464 3283 1629 3356 quamque

201 3396 236 3457 et
267 3387 334 3454 iam
361 3383 542 3454 nominatas
569 3382 711 3476 integras
736 3382 905 3454 sexuncias
932 3404 1020 3456 meas
1047 3405 1088 3452 ex
1115 3380 1201 3474 ipsas
1231 3405 1343 3455 omnes
1372 3386 1530 3458 fundoras
1563 3411 1630 3459 ex-

202 3511 355 3582 lundatm
383 3509 441 3604 qui
470 3531 528 3601 per
554 3509 790 3603 qualecumque
806 3509 941 3580 modum
969 3508 1075 3580 eidem
1095 3510 1236 3604 genitori
1258 3510 1324 3582 mei
1351 3512 1483 3583 luerunt
1498 3522 1531 3585 et
1548 3535 1631 3605 per-

203 3638 373 3708 tinuerunt
396 3638 431 3708 iu
455 3636 624 3706 nominato
648 3635 721 3706 loeo
745 3634 917 3706 cebanum
941 3642 974 3706 et
1001 3636 1042 3706 de
1057 3657 1172 3706 omnes
1188 3644 1290 3707 terras
1308 3659 1350 3708 ex
1366 3659 1419 3709 eas
1434 3638 1631 3731 pertinentes

203 3761 327 3854 campis
351 3759 441 3831 silvis
464 3758 590 3828 cultum
604 3757 657 3831 vel
680 3757 841 3828 incultum
864 3756 998 3828 bortuas
1012 3757 1174 3828 amramis
1190 3756 1377 3852 longinquis
1392 3767 1424 3830 et
1439 3757 1630 3852 propinquis

201 3895 236 3959 et
260 3908 336 3958 cum
360 3882 657 3978 appendicibusque
688 3881 756 3952 suis
780 3880 996 3977 omnibusque
1032 3882 1073 3954 ad
1105 3880 1285 3952 nominatas
1318 3903 1377 3954 sex
1400 3883 1512 3954 uncias
1542 3905 1630 3956 meas

200 4010 398 4106 generaliter
420 4006 664 4102 pertinentibus.
689 4014 727 4076 ut
750 4005 819 4077 dixi
834 4004 1014 4076 nominatas
1037 4028 1097 4078 sex
1113 4005 1225 4076 uncias
1239 4027 1328 4078 meas
1344 4031 1387 4078 ex
1404 4007 1455 4079 bis
1479 4006 1631 4082 omnibus

200 4139 466 4232 nominatisque
491 4135 550 4207 tibi
573 4159 660 4208 nunc
684 4135 884 4209 commutavi
917 4133 1056 4207 indivisa
1079 4135 1222 4207 reiaeent
1253 4155 1329 4208 cum
1353 4135 1431 4207 alias
1455 4147 1488 4209 et
1510 4137 1630 4210 similes

200 4264 386 4335 nominatas
409 4283 468 4332 sex
491 4259 602 4332 uncias
627 4268 750 4330 vestras
786 4282 850 4352 que
887 4283 906 4327 a
940 4257 1108 4328 nominato
1132 4258 1272 4330 iohanne
1307 4259 1442 4353 quidem
1473 4283 1629 4355 germano

200 4414 276 4464 meo
299 4390 428 4464 offertos
452 4387 586 4460 habetis
609 4387 695 4460 unde
719 4385 802 4458 nihil
823 4386 909 4460 mibi
933 4385 1051 4458 exinde
1073 4385 1250 4458 reserbavi.
1276 4395 1436 4482 quatenus
1459 4387 1544 4460 sieut
1566 4411 1630 4460 su-

200 4519 312 4614 perius
334 4519 454 4612 legitur
478 4542 497 4586 a
520 4539 574 4587 me
598 4513 693 4586 vobis
716 4515 758 4584 sit
782 4522 1018 4586 commutatum
1043 4521 1075 4584 et
1098 4513 1255 4584 traditum
1279 4511 1314 4582 in
1338 4523 1394 4587 tua
1428 4513 1629 4608 posterisque

201 4643 265 4717 tuis
288 4642 521 4738 nominatoque
545 4647 654 4712 vesbo
678 4637 876 4710 monasterio
899 4635 964 4708 sint
999 4643 1155 4729 potestate
1190 4633 1351 4729 quidquid
1382 4634 1500 4721 exinde
1524 4638 1630 4710 lacere

202 4769 396 4842 volueritis:
424 4779 457 4840 et
480 4789 586 4862 neque
613 4791 632 4835 a
655 4786 708 4837 me
725 4762 890 4834 nominata
906 4760 1062 4855 eupraxia
1079 4759 1214 4831 honesta
1239 4759 1481 4856 feminamque
1505 4787 1524 4832 a
1547 4763 1628 4836 meis

203 4892 380 4967 heredibus
402 4915 463 4964 nee
486 4917 505 4962 a
528 4889 622 4962 nobis
645 4885 822 4961 summissis
845 4905 999 4981 personas
1033 4883 1124 4956 nullo
1156 4892 1302 4978 tempore
1335 4883 1453 4959 exinde
1485 4883 1628 4961 babeatis
