4658 6508
892 658 1018 750 (⁸3)

232 803 289 893 qui
315 815 516 896 comparatas
541 807 638 878 hahet
663 833 681 876 a
703 815 886 881 memorato
903 813 1043 904 genitori
1068 825 1100 883 et
1123 816 1228 887 soceri
1260 827 1380 888 nostro.
1405 822 1476 892 Una
1501 845 1576 893 cum
1602 848 1662 896 ar-

233 928 368 999 boribus
400 933 577 1006 fructiferis
616 935 669 1005 vel
705 935 914 1008 infructiferis
949 937 1047 1008 simul
1081 962 1156 1010 eum
1190 941 1325 1013 introito
1358 968 1420 1017 suo
1443 949 1660 1045 omnibusque

231 1054 295 1124 sivi
319 1060 513 1148 generaliter
542 1063 787 1155 pertinentibus.
823 1066 874 1137 De
897 1089 964 1159 qua
996 1066 1078 1137 nihil
1110 1069 1203 1140 nohis
1226 1071 1313 1142 intus
1336 1085 1532 1146 memoratas
1555 1079 1660 1150 cohe-

232 1180 353 1251 rentias
376 1185 543 1256 remansit.
575 1198 625 1258 set
657 1189 742 1258 sicut
774 1189 923 1282 superius
956 1189 1076 1282 legitur
1112 1217 1130 1261 a
1165 1193 1259 1264 nohis
1297 1197 1357 1266 tihi
1394 1199 1436 1268 sit
1463 1205 1661 1274 venundatae

231 1312 265 1370 et
289 1304 423 1376 traditas
446 1306 480 1376 in
504 1317 560 1378 tua
583 1309 714 1404 tuisque
739 1313 913 1384 heredibus
936 1313 978 1386 sit
993 1325 1151 1408 potestate
1175 1317 1317 1390 habendi
1347 1325 1477 1394 tenendi
1501 1325 1655 1398 vindendi

229 1431 365 1502 cedendi
388 1434 530 1505 donandi
552 1439 777 1508 commutandi
801 1438 900 1510 etiam
924 1443 965 1512 ad
988 1452 1061 1512 tuos
1079 1443 1252 1516 heredibus
1268 1444 1452 1518 dhnittendi
1476 1449 1529 1519 vel
1554 1453 1658 1542 quid-

227 1557 308 1647 quid
332 1558 450 1628 exinde
481 1560 587 1631 facere
612 1562 782 1634 volueritis
804 1563 941 1634 liberam
965 1565 1109 1636 habeatis
1132 1577 1290 1660 potestate
1313 1570 1435 1664 absque
1460 1573 1550 1642 omni
1574 1598 1657 1644 een-

226 1705 263 1752 so
288 1693 345 1752 aut
368 1686 485 1778 regula
509 1713 528 1756 a
552 1689 701 1781 partibus
725 1691 867 1762 militie:
907 1703 939 1764 et
962 1717 1070 1786 neque
1103 1721 1122 1765 a
1154 1709 1416 1768 mememorato
1447 1701 1588 1773 iohanne
1624 1715 1657 1774 et

225 1807 390 1878 benefacta
414 1811 538 1904 iugales
562 1837 670 1908 neque
706 1818 868 1886 anostris
900 1817 1075 1891 heredibus
1111 1845 1172 1892 nec
1208 1845 1228 1888 a
1261 1821 1354 1893 nobis
1386 1826 1533 1914 personis
1556 1848 1653 1896 sum-

224 1936 330 2006 missis
353 1938 445 2008 nullo
468 1947 617 2032 tempore
641 1967 822 2036 numquam
840 1955 876 2016 tu
899 1957 1082 2017 memorato
1107 1951 1250 2040 spondeo
1274 1961 1331 2020 aut
1353 1950 1490 2022 heredes
1514 1953 1563 2021 tui
1587 1951 1653 2023 ha·

225 2062 328 2132 beatis
352 2064 470 2136 exinde
493 2064 669 2159 aliquando
686 2093 894 2162 quacumque
916 2072 1164 2162 requisitionem
1189 2083 1246 2142 aut
1273 2074 1421 2146 molestia
1444 2075 1488 2146 ha
1512 2099 1598 2148 nunc
1623 2089 1654 2149 et

220 2192 256 2260 in
272 2192 435 2283 perpetuis
460 2193 686 2285 temporibus:
714 2197 849 2288 Insuper
872 2198 963 2267 omni
987 2210 1134 2292 tempore
1151 2224 1211 2270 nos
1228 2211 1261 2271 et
1277 2201 1412 2273 heredes
1435 2203 1554 2274 nostris
1577 2228 1654 2275 me-

219 2327 359 2385 moratas
394 2341 452 2388 sex
488 2319 600 2388 uncias
634 2343 675 2392 ex
700 2320 845 2412 predicta
880 2331 965 2392 terra
1004 2347 1069 2414 que
1098 2323 1157 2392 tihi
1187 2326 1444 2396 venundedimus
1481 2337 1518 2396 ut
1553 2351 1650 2421 super

219 2441 339 2533 legitur
366 2443 407 2512 ab
430 2445 520 2514 omni
537 2444 671 2516 homine
686 2448 842 2540 omnique
871 2471 1009 2540 persona
1036 2441 1097 2518 tihi
1127 2451 1258 2544 tuisque
1287 2451 1460 2523 heredibus
1484 2454 1519 2524 in
1535 2455 1650 2525 omni-

217 2566 279 2634 hus
303 2567 490 2660 apartibus
518 2569 634 2640 militie
667 2581 823 2641 antestare
856 2580 889 2642 et
919 2573 1083 2642 defensare
1114 2572 1334 2664 promittimus
1366 2575 1576 2650 hostendente
1613 2589 1649 2648 tu

216 2701 247 2759 et
272 2690 408 2763 heredes
431 2691 480 2763 tui
504 2692 599 2763 nohis
622 2692 806 2786 nostrisque
830 2694 1005 2764 heredibus
1026 2695 1106 2764 duas
1123 2695 1284 2766 chartulas
1301 2721 1381 2790 quas
1397 2721 1483 2768 nune
1501 2703 1587 2792 apud
1614 2712 1646 2772 te

215 2814 401 2884 remisimus
424 2824 457 2884 et
480 2815 527 2884 sic
550 2837 609 2884 nos
634 2825 666 2884 et
689 2815 809 2885 nostris
833 2815 1008 2888 heredibus
1032 2817 1092 2887 tibi
1116 2819 1246 2913 tuisque
1263 2819 1437 2894 heredibus
1461 2823 1532 2892 illas
1548 2835 1645 2894 ante-

215 2951 300 3010 stare
324 2951 357 3012 et
380 2943 544 3014 defensare
562 2943 735 3013 debeamus
756 2943 878 3037 absque
896 2944 986 3014 omni
1005 2955 1112 3016 vestra
1130 2949 1325 3018 damnietate
1349 2961 1382 3019 et
1398 2961 1476 3020 sunt
1492 2951 1650 3021 nomina·

215 3067 281 3137 tibe
306 3079 483 3138 memorate
509 3068 653 3140 chartule
671 3069 775 3161 prima
792 3071 980 3142 venditione
1008 3071 1041 3140 in
1059 3073 1247 3144 membrana
1262 3076 1446 3168 epistolaria
1463 3081 1510 3174 (1)
1528 3080 1647 3172 scripta

296 3443 341 3526 (ι)
362 3442 560 3504 Membrana
575 3444 755 3524 epistolaria
768 3443 848 3504 idem
861 3457 949 3504 estas
962 3445 1088 3526 epestolo
1103 3444 1264 3524 conscripta
1285 3445 1312 3502 in
1329 3445 1507 3504 membrana.
1524 3447 1645 3524 Episto-

212 3557 264 3614 Iae
285 3556 401 3614 nomine
422 3553 552 3613 denotari
573 3551 649 3612 olim
671 3554 852 3614 consuevisse
879 3567 943 3612 tum
967 3565 1155 3628 testamenta,
1181 3565 1247 3611 tum
1272 3550 1399 3630 quodvis
1428 3551 1513 3611 aliod
1538 3554 1646 3611 inarm-

213 3679 348 3726 mentum
368 3662 465 3724 elucet
484 3663 592 3744 passim
613 3682 630 3721 e
650 3659 809 3738 formulis,
832 3680 905 3742 quas
926 3661 1093 3722 Marculfus
1114 3682 1148 3721 ac
1169 3661 1328 3721 Brissonins
1349 3659 1526 3720 attulerunt.
1545 3662 1577 3720 Si
1597 3662 1643 3720 la·

213 3777 279 3835 tiori
299 3776 354 3835 hac
377 3775 492 3833 notione
513 3773 695 3853 accipiantur
715 3791 841 3852 quoque
854 3792 941 3831 voces
955 3770 1141 3831 membrana
1162 3771 1365 3849 epistolaria,
1385 3784 1457 3829 tune
1477 3791 1536 3830 non
1556 3771 1646 3830 modo

213 3881 392 3944 venditionis
412 3876 578 3954 chartula,
601 3899 696 3960 quam
711 3879 778 3938 heic
796 3878 965 3939 venditores
986 3880 1112 3960 emptori
1126 3877 1242 3940 tradere
1262 3877 1463 3961 profitentur,
1486 3899 1594 3941 verum
1614 3893 1644 3940 et

215 3999 313 4058 omma
334 3997 393 4056 fere
407 4008 504 4055 nostra
515 3995 590 4054 haec
605 3997 800 4056 instrumenta
815 3993 1013 4056 membranae
1027 3995 1228 4075 epistolariae
1243 3993 1445 4077 appellatione
1461 3993 1564 4056 donari
1577 4017 1645 4078 pos·

216 4127 290 4173 sunt
304 4111 380 4170 Cum
396 4109 475 4169 enim
488 4109 518 4168 in
539 4109 606 4189 ipsis
622 4129 638 4168 a
654 4107 819 4168 Curialibus
833 4107 990 4167 inducatur
1004 4108 1134 4189 reliquos
1148 4107 1306 4189 alloquens
1326 4128 1418 4182 unus,
1440 4107 1493 4168 vel
1511 4109 1643 4192 plurese

216 4219 480 4294 contrahentibus,
505 4216 616 4279 idcirco
642 4216 835 4299 epistolarum
861 4217 982 4276 omnino
1014 4217 1143 4277 sormam
1172 4216 1352 4298 praeseferre
1383 4237 1472 4276 nemo
1496 4231 1542 4278 est
1569 4221 1644 4301 quin

215 4334 371 4414 intelligat.
390 4333 458 4392 Hoc
479 4351 546 4392 sane
566 4343 656 4412 pacto
675 4331 831 4391 vetustiori
851 4349 927 4391 aevo
949 4331 1071 4412 quaevis
1091 4328 1294 4409 documenta,
1321 4350 1357 4389 ac
1377 4331 1551 4411 praesertim
1585 4352 1642 4406 ea,

216 4467 294 4527 qnae
315 4443 353 4502 de
373 4441 579 4503 donationibus
599 4441 822 4514 exarabantur,
853 4439 942 4500 condi
969 4441 1100 4509 saevisse
1124 4461 1228 4500 omnes
1254 4459 1354 4500 rerum
1381 4438 1644 4522 diplomaticarum

216 4562 370 4638 scriptores
390 4549 674 4614 animadverterunt
695 4548 771 4608 Cum
793 4548 831 4609 de
850 4549 908 4608 hoc
924 4549 1190 4610 instrumentorum
1209 4567 1315 4629 genere
1335 4548 1426 4610 verba
1446 4547 1557 4610 faceret
1577 4549 1643 4608 Fu-

216 4670 374 4752 magallius
395 4669 426 4727 in
442 4666 501 4726 suis
524 4662 759 4742 Diplomatr'er's
776 4660 1034 4722 restitutionibus
1055 4660 1067 4742 (
1085 4661 1123 4720 T.
1149 4663 1176 4720 1.
1190 4679 1268 4740 pag.
1289 4663 1354 4742 273
1367 4659 1401 4742 ),
1422 4659 1581 4721 arbitratus
1600 4675 1643 4720 est

216 4783 354 4845 adversus
376 4776 543 4840 Mabillonii
558 4775 724 4836 sententiam
741 4771 918 4833 tabelliones
930 4773 961 4831 in
976 4771 1046 4853 ipsis
1060 4767 1252 4833 conficiendis
1268 4791 1328 4830 non
1344 4769 1430 4830 aliud
1447 4771 1641 4852 praestitisse,

215 4918 309 4980 quam
321 4915 373 4954 sno
387 4909 536 4971 quemque
558 4887 675 4948 calamo
697 4907 819 4946 exarare
840 4885 954 4960 verba,
977 4905 1055 4966 quae
1076 4884 1132 4944 sibi
1152 4904 1169 4942 a
1190 4882 1429 4944 contrahentibus
1443 4881 1640 4949 dictabantur.

214 5011 428 5096 Opinationem
448 5004 526 5062 hanc
547 5003 614 5064 falsi
636 5003 732 5082 arguit
753 4999 899 5061 Matrinius
920 4997 932 5081 (
953 5003 1036 5078 Pop.
1055 4997 1197 5076 Diplom.
1212 5017 1287 5076 pag.
1307 4995 1374 5078 339
1392 4996 1429 5081 ),
1456 4997 1534 5080 qui,
1554 5017 1641 5082 prout
