4616 6532
1316 573 1328 668 (
1357 583 1397 642 ¹2
1424 570 1436 667 )

654 745 842 831 permaneat
865 737 983 834 scripta
999 757 1058 832 per
1080 757 1179 830 rogos
1194 736 1242 832 (t)
1259 745 1387 806 nostros
1410 755 1450 826 ap
1479 729 1573 804 leone
1598 747 1697 822 greco
1723 727 1824 798 latino
1853 727 2031 822 presbitero
2056 741 2093 803 et

654 861 759 932 scriba
776 862 916 934 civitatis
939 861 1013 931 uiua
1036 861 1071 930 in
1094 881 1204 931 mense
1228 867 1261 930 et
1284 856 1460 928 indictione
1492 853 1706 946 suprascripta
1730 853 1804 922 Xlll
1827 851 1957 944 signum
1974 877 2094 926 manus

653 990 887 1082 suprascriptus
910 986 1096 1059 venedictus
1127 1011 1186 1059 seu
1210 1007 1273 1056 ona
1301 982 1463 1078 iugalibus
1486 983 1544 1074 qui
1552 1028 1847 1051 ·············
1856 981 2012 1075 Exempla
2038 981 2088 1078 (5)

654 1112 685 1206 †
707 1117 778 1208 Ego
802 1115 961 1186 Kamulus
985 1113 1168 1208 prelaturio
1192 1159 1419 1186 ..........
1423 1109 1620 1203 prefecturio
1644 1106 1711 1178 lilio
1731 1107 1882 1178 lobannis
1897 1106 1928 1202 †
1952 1107 2089 1200 Signum

655 1259 769 1310 mantus
793 1240 846 1312 leo
877 1241 931 1312 vir
953 1239 1108 1311 honestus
1131 1240 1200 1311 lilio
1223 1237 1310 1333 sergi
1318 1285 1492 1308 ........
1524 1235 1675 1307 Iohannis
1709 1233 1889 1326 presbitero
1921 1245 1954 1306 et
1983 1236 2088 1306 scriba

657 1365 796 1437 civitatis
820 1365 895 1438 uius
917 1366 953 1436 in
975 1387 1085 1438 mense
1109 1375 1142 1438 et
1164 1361 1339 1437 indictione
1361 1359 1577 1455 suprascripta
1600 1361 1686 1430 Xlll.

751 1494 793 1562 ln
815 1493 939 1564 nuniru
962 1493 1083 1563 domitu
1104 1492 1157 1563 dei
1179 1490 1347 1562 salvatoris
1370 1490 1470 1559 nostri
1484 1486 1578 1559 ihesu
1594 1486 1706 1558 christi
1723 1509 1833 1560 mensa
1855 1489 2005 1560 octuvrio
2029 1489 2089 1560 in-

658 1617 800 1689 dictione
824 1617 1064 1710 quintadeeima
1087 1617 1192 1713 gaieta
1216 1613 1380 1700 Quoniam
1403 1625 1528 1688 certum
1552 1623 1601 1686 est
1635 1635 1689 1686 me
1720 1635 1825 1686 vonus
1855 1615 1908 1686 vir
1933 1615 2091 1688 honestus

656 1743 743 1814 filius
754 1743 888 1838 quidam
900 1743 1023 1816 domini
1037 1743 1125 1816 leoni
1136 1766 1221 1814 vone
1234 1743 1393 1814 memorie
1407 1740 1547 1810 abitator
1561 1747 1671 1810 autem
1684 1738 1777 1810 istius
1790 1740 1930 1812 civitatis
1941 1741 2090 1836 gaietane

656 1877 781 1940 constat
802 1889 863 1940 nos
886 1890 928 1940 av
951 1867 1084 1940 adema
1107 1869 1160 1941 die
1184 1875 1218 1940 et
1240 1866 1276 1936 in
1300 1885 1432 1938 omnem
1451 1867 1600 1935 futurum
1623 1875 1752 1958 tempus
1775 1866 2031 1940 vendidissemus
2054 1879 2089 1940 et

654 1993 859 2068 vendidimus
874 1993 969 2066 vobis
990 2017 1123 2089 quoque
1146 1995 1199 2066 leo
1222 1992 1323 2064 homo
1338 1991 1492 2066 honestus
1512 1991 1598 2063 filius
1612 1991 1746 2086 quidam
1763 1992 1887 2064 domini
1902 1995 1987 2088 petri
2002 2019 2088 2069 vone

653 2121 812 2194 memorie
836 2120 975 2192 abitator
1008 2143 1088 2194 vero
1111 2120 1205 2191 istius
1229 2121 1366 2191 civitatis
1387 2121 1444 2190 hoc
1467 2135 1509 2191 est
1535 2135 1614 2193 totus
1636 2129 1669 2191 et
1697 2118 1838 2215 integras
1862 2121 1930 2215 ipsa
1954 2125 2088 2217 portio-

652 2270 728 2320 nem
751 2256 877 2320 nostras
901 2249 941 2320 de
965 2255 1052 2318 terra
1075 2254 1195 2342 quanta
1218 2269 1278 2316 nos
1301 2270 1398 2318 avere
1428 2247 1491 2317 bisi
1514 2269 1629 2318 sumus
1652 2246 1687 2317 in
1718 2249 1839 2339 caprile
1850 2295 2076 2322 ..........

653 2373 844 2446 rationalem
866 2382 899 2444 et
922 2373 1145 2444 insationalem
1160 2374 1285 2445 cultum
1302 2381 1335 2444 et
1349 2373 1507 2444 incrdtum
1521 2371 1686 2443 montibus
1702 2372 1840 2444 vallibus
1858 2375 1939 2446 ribis
1954 2377 2085 2470 parietis

654 2500 800 2570 omnmo
806 2547 958 2567 .......
967 2507 1077 2568 nostra
1099 2497 1283 2591 portionem
1307 2495 1540 2590 pertinentibus
1563 2498 1649 2569 unde
1668 2496 1762 2570 nobis
1778 2497 1879 2568 nichil
1894 2502 2082 2574 reservabi-

652 2649 727 2698 mus
743 2627 829 2700 unde
846 2626 1029 2720 accepimus
1036 2674 1142 2696 .....
1151 2629 1187 2695 s'n
1203 2647 1322 2698 munem
1337 2626 1519 2695 decisionem
1533 2633 1566 2695 et
1583 2624 1717 2695 definito
1735 2626 1842 2720 pretio
1856 2628 1928 2699 auri
1943 2631 2004 2701 tari
2017 2631 2084 2704 duo

650 2755 685 2824 in
702 2779 743 2826 eu
759 2777 840 2827 vero
863 2763 976 2828 tenore
994 2763 1033 2824 ut
1053 2755 1206 2826 ammodo
1223 2763 1255 2825 et
1271 2775 1375 2847 usque
1394 2753 1431 2821 in
1447 2754 1666 2843 sempiternom
1681 2755 1896 2845 suprascripta
1912 2779 1981 2828 auu
1997 2780 2084 2850 por-

650 3059 772 3125 sulendi
793 3063 961 3128 Canonicus
982 3065 1118 3128 Schiavo
1138 3069 1191 3126 De
1223 3084 1320 3125 aureo
1348 3073 1480 3135 maeno,
1509 3079 1540 3126 et
1558 3066 1675 3126 Fuscus
1700 3067 1755 3125 De
1782 3063 1897 3126 ducato
1917 3067 2054 3146 Rogerii
2068 3111 2082 3136 ,

650 3173 705 3254 qui
738 3185 883 3234 carenum
905 3175 1026 3235 saeculo
1047 3176 1087 3233 X.
1107 3175 1250 3237 fictitium
1270 3193 1435 3234 nummum
1459 3173 1550 3235 luisse
1574 3193 1647 3254 prae
1669 3173 1798 3257 reliquis
1822 3175 1961 3238 ostendit.
1991 3177 2084 3240 Adire

650 3303 773 3364 quoque
794 3281 929 3363 proderit
948 3303 1007 3360 ea,
1029 3303 1107 3364 quae
1127 3283 1157 3342 in
1177 3281 1310 3364 Syllaba
1330 3284 1575 3344 ltlembranarum
1595 3285 1660 3367 (Τ.
1682 3289 1712 3346 Ι.
1725 3306 1762 3364 p.
1783 3288 1866 3367 176)
1896 3289 2003 3350 eodem
2022 3291 2081 3354 hoc

648 3394 686 3454 de
707 3412 832 3452 nummo
853 3390 1011 3454 adnotavit
1034 3389 1167 3474 Angelus
1192 3391 1340 3454 Antonius
1364 3391 1492 3454 Scottius
1516 3395 1766 3478 Archiepiscopus
1786 3397 2083 3480 Thessalonicensis,

648 3507 697 3568 vir
717 3506 853 3568 omnium
873 3504 1102 3587 disciplinarum
1131 3528 1167 3567 ac
1196 3509 1371 3589 praesertim
1397 3508 1611 3588 antiquitatum
1631 3509 1730 3571 studio
1754 3510 2005 3592 laudatissimus,
2030 3517 2084 3596 qui

649 3637 747 3698 nuper
767 3638 783 3678 e
803 3617 883 3678 vivis
903 3617 1038 3678 sublatus
1058 3619 1157 3697 ingens
1176 3618 1223 3678 sui
1243 3616 1421 3678 desiderium
1441 3617 1578 3700 reliquit.

727 3728 772 3810 (4)
792 3729 900 3810 liugos
919 3727 1082 3812 aliquando
1101 3745 1284 3812 usurparunt
1304 3728 1480 3791 tabelliones
1501 3752 1559 3812 pro
1579 3733 1794 3810 rogationibus
1805 3779 1815 3814 ,
1838 3733 1902 3798 sive
1923 3739 2078 3818 precihus,

644 3839 751 3920 quibus
771 3840 980 3902 contrahentes
999 3859 1049 3901 eos
1069 3837 1251 3918 adiverant,
1273 3853 1308 3900 ut
1326 3839 1524 3901 instrumenta
1544 3839 1734 3906 conficerent.

725 3948 770 4032 (5)
791 3950 829 4009 ld
849 3950 982 4010 nominis
1010 3949 1192 4032 plerumque
1227 3951 1357 4011 caietani
1393 3949 1577 4012 tabelliones
1607 3955 1764 4034 exscriptis
1785 3975 1802 4016 a
1822 3975 1852 4016 se
1882 3963 2078 4044 autographis

645 4057 757 4120 addere
787 4070 1039 4130 consueverunt,
1070 4057 1335 4138 quemadmodum
1362 4080 1378 4117 c
1407 4079 1469 4118 non
1499 4059 1601 4140 paucis
1630 4075 1772 4123 veterum
1801 4065 2076 4132 instrumentorum

644 4183 729 4250 patet
750 4167 924 4250 exemplis,
955 4187 1033 4250 quae
1063 4169 1268 4230 aFridericio
1287 4171 1395 4252 passim
1414 4171 1448 4230 in
1470 4171 1507 4232 de
1527 4174 1667 4234 caietanis
1689 4177 1825 4238 Ducibus
1852 4178 2070 4261 explanantur.

644 4275 779 4336 Utinam
800 4297 875 4338 vero
895 4297 995 4339 omnes
1017 4278 1134 4359 ubique
1151 4279 1291 4358 gentium
1312 4280 1428 4341 Notarii
1447 4280 1580 4344 eiusdem
1600 4284 1683 4345 vocis
1708 4285 1916 4351 additamento
1937 4292 2072 4354 univer-

642 4409 690 4450 sas
712 4387 875 4452 donassent
894 4391 1105 4472 membranas,
1135 4412 1212 4473 quas
1242 4395 1298 4474 ipsi
1319 4415 1357 4456 ex
1378 4397 1577 4478 autographis
1610 4403 1855 4483 exscripserunt!
1890 4407 1960 4470 Hoc
1988 4411 2070 4472 enim

642 4514 733 4584 pacto
752 4504 789 4563 ab
809 4503 956 4586 exemplis
976 4503 1060 4567 sacili
1079 4505 1181 4588 quivis
1202 4509 1324 4588 negotio
1344 4527 1502 4571 secernere
1522 4526 1621 4592 posset
1644 4534 1680 4574 ea
1700 4537 1825 4598 quoque
1852 4523 2070 4606 autographa,

640 4636 745 4698 quae,
768 4639 839 4681 cum
858 4620 1012 4680 universas
1032 4621 1262 4703 subscriptiones
1283 4643 1341 4681 una
1362 4621 1528 4707 eademqne
1548 4623 1720 4687 tabellionis
1739 4647 1832 4687 manu
1852 4644 2009 4706 exaratas,
2035 4651 2070 4690 ar

641 4727 706 4790 solo
725 4731 801 4810 signi
822 4731 920 4792 mucis
941 4730 1116 4793 discrimine
1137 4731 1273 4793 diversas
1293 4731 1446 4809 habeant,
1474 4736 1512 4794 ab
1542 4734 1688 4818 exemplis
1714 4739 1893 4818 neutiquam
1924 4739 2072 4822 distingui

640 4853 788 4920 possunt,
809 4841 864 4902 nisi
885 4842 992 4904 maiori
1014 4839 1150 4926 quadam
1170 4839 1331 4904 sedulitate
1353 4855 1480 4925 utraque
1500 4845 1727 4928 expendantur,
1748 4863 1781 4910 ut
1805 4851 1849 4914 ait
1868 4851 2071 4914 Mabillonius

670 4953 721 5010 De
745 4952 794 5010 lte
819 4951 1045 5030 Diplomutira
1066 4950 1119 5014 lib.
1143 4954 1167 5012 I.
1189 4971 1216 5012 e.
1237 4967 1268 5030 7.
1282 4971 1317 5029 p.
1339 4954 1382 5012 28
1395 4954 1418 5034 ).
