4616 6532
678 578 821 644 XXXIV

678 733 774 820 heic
801 721 1162 828 memoravimus,
1193 713 1410 833 oportebat
1438 729 1487 802 ut
1514 737 1637 800 suam
1664 709 1764 800 inde
1791 713 1928 801 vitam
1956 720 2107 832 auspi·

679 892 847 964 caretur
874 898 1010 958 sermo
1048 867 1184 968 alter,
1212 860 1367 950 scilicet
1395 860 1462 966 is,
1512 859 1582 946 oui
1627 855 1822 972 deinceps
1867 859 2108 970 Alighen’us

678 1020 921 1110 maximum
960 1013 1123 1117 robur,
1168 1011 1367 1096 Petrarca
1403 1031 1505 1092 vero
1542 1001 1798 1113 singularem
1840 1024 2109 1094 venustatem

678 1160 974 1252 conciliarunt.
1004 1156 1118 1244 Cum
1145 1153 1287 1265 itaque
1314 1165 1436 1236 vetus
1464 1147 1758 1234 Romanorum
1775 1175 1913 1235 sermo
1932 1177 1981 1234 ea
2000 1167 2111 1236 tem·

680 1320 842 1420 pestate
870 1298 1042 1386 omnino
1070 1295 1125 1380 ad
1155 1293 1375 1380 interitum
1403 1308 1641 1394 vocaretur,
1670 1317 1758 1402 quo
1786 1287 1962 1376 tandem
1982 1310 2107 1405 paeto

681 1445 772 1531 fieri
799 1457 989 1555 poterat,
1019 1457 1067 1524 ut
1095 1432 1259 1550 aliquid
1286 1433 1514 1545 elegantiae
1533 1429 1834 1546 praeseferrent
1851 1430 2112 1520 documenta

682 1583 847 1672 condita
875 1614 901 1672 a
929 1578 1252 1681 tabellionibus,
1281 1578 1469 1690 quinon
1497 1574 1614 1662 alind
1640 1570 1844 1687 loquendi
1880 1601 2009 1685 genus
2044 1603 2113 1661 se-

683 1721 919 1825 ctabantur,
949 1717 1030 1808 nisi
1057 1715 1326 1804 barbaricum
1354 1709 1488 1818 illud,
1517 1709 1634 1824 quod
1660 1709 1786 1820 vulgo
1813 1728 1917 1796 tunc
1945 1728 2113 1827 tempo-

682 1868 741 1956 ris
767 1862 1017 1968 obtinebat,
1047 1891 1095 1950 ao
1122 1859 1243 1948 brevi
1270 1859 1638 1947 intermoriturum
1666 1855 1795 1946 erati
1833 1855 1946 1948 Hinc
1972 1857 2110 1970 pluri-

684 2041 757 2099 ma
784 2041 833 2097 ea
861 2008 1063 2096 sermonis
1090 2005 1299 2109 foeditas,
1329 2033 1415 2118 qua
1443 2019 1608 2094 nostrae
1648 2003 1924 2092 membranae
1963 2007 2109 2119 inqui-

661 2174 857 2260 nantur,
887 2180 1158 2267 nequaquam
1185 2147 1427 2238 detestanda
1455 2149 1575 2236 nobis
1602 2151 1691 2234 visa
1719 2164 1812 2246 est3
1841 2167 1985 2236 eontra
2003 2177 2110 2236 vero

687 2325 786 2382 cum
815 2293 871 2381 ad
898 2292 1104 2380 tuendam
1130 2293 1508 2380 instrumentorum
1535 2286 1666 2378 fidem
1705 2319 1790 2376 non
1819 2288 1973 2376 ultima
2011 2291 2116 2376 inde

685 2441 900 2527 rationum
928 2454 1142 2522 momenta
1168 2433 1456 2539 hauriantur,
1486 2435 1531 2520 in
1559 2431 1834 2520 exscribendo
1862 2431 2114 2546 edendoque

686 2599 826 2670 nostro
853 2580 1043 2695 quolibet
1053 2579 1308 2670 documento
1327 2579 1434 2668 nihil
1449 2580 1687 2697 quidquam
1702 2581 1755 2665 de
1770 2581 1859 2692 ipsa
1880 2579 2117 2670 immutan-

686 2726 797 2814 dum
816 2725 1007 2812 arbitrati
1020 2751 1180 2813 sumus.
1212 2723 1355 2828 Quare
1382 2745 1544 2838 praeter
1564 2754 1697 2836 pauca
1709 2722 1944 2810 admodum
1963 2723 2111 2828 verba,

689 2898 799 2982 quae
826 2869 872 2954 in
900 2869 1134 2956 deletorum
1155 2869 1297 2956 locum
1316 2869 1591 2974 restituenda,
1614 2887 1655 2952 et
1682 2867 1864 2972 cursivo,
1895 2886 1943 2951 ut
1973 2869 2110 2972 aiunt,

687 3008 926 3100 charactere
946 3007 1235 3120 distinguenda
1251 3013 1511 3116 curavimus,
1541 3011 1649 3098 nihil
1679 3008 1845 3097 editum
1872 3027 1965 3116 est,
1994 3011 2112 3123 quod

689 3168 731 3236 et
758 3151 803 3236 in
830 3151 1087 3238 membranis
1115 3153 1214 3263 ipsis
1242 3154 1418 3238 minime
1438 3151 1790 3266 deprehendatur.
1820 3151 1934 3238 Nam
1953 3152 2115 3266 singula

692 3292 822 3380 verba
842 3323 925 3380 non
952 3295 1081 3381 semel
1108 3325 1208 3380 cum
1236 3297 1519 3400 membrana,
1550 3295 1665 3382 unde
1694 3295 1860 3383 fuerant
1888 3297 2115 3408 exscripta,

689 3439 979 3545 contulimus,
1011 3469 1087 3524 nec
1115 3443 1232 3551 prius
1261 3441 1565 3553 acquievimus,
1596 3469 1730 3552 quam
1767 3439 1949 3526 verbum
1983 3441 2114 3523 verbo

688 3610 855 3668 summa
875 3581 957 3668 fide
977 3583 1224 3697 respondere
1239 3586 1356 3671 nobis
1375 3584 1595 3670 suasimus.
1615 3584 1819 3700 Pleraque
1837 3613 1962 3699 porro
1982 3584 2119 3697 spatia

690 3751 799 3838 quae
827 3722 956 3810 literis
983 3725 1156 3809 omnino
1185 3753 1320 3810 vacua
1348 3725 1467 3810 nobis
1494 3745 1792 3832 occurrerunt,
1821 3729 1925 3842 quia
1953 3725 2114 3828 verba,

690 3897 800 3980 quae
828 3865 1035 3973 deerant,
1067 3887 1142 3954 aut
1173 3869 1447 3956 tabellionum
1476 3870 1638 3955 incuria
1667 3900 1754 3956 non
1789 3889 1999 3974 exarata,
2042 3887 2119 3953 aut

692 4013 893 4124 temporis
920 4030 1128 4096 vetustate
1157 4011 1292 4099 deleta
1321 4015 1492 4100 omniuo
1519 4013 1721 4120 fuerant,
1752 4015 1917 4130 punctis
1944 4009 2120 4098 dumta-

691 4173 768 4242 xat
797 4157 842 4240 in
872 4153 953 4240 hac
982 4151 1163 4240 editione
1191 4156 1542 4266 consignavimus.

800 4297 868 4384 Sic
895 4299 1010 4384 enim
1036 4299 1278 4386 maximum
1307 4327 1460 4412 operae
1481 4300 1667 4412 pretium
1696 4329 1771 4386 nos
1790 4298 1973 4408 facturos
1991 4299 2121 4386 duxi-

688 4469 815 4546 mus,
847 4471 944 4528 cum
971 4443 1092 4555 plura
1121 4443 1295 4556 quidem
1325 4441 1481 4530 damna
1510 4474 1643 4560 quam
1677 4444 1899 4532 commoda
1931 4477 1955 4532 e
1982 4473 2119 4532 mem-

690 4584 834 4670 branis
860 4611 1083 4697 perperam
1111 4586 1328 4698 exscriptis
1354 4586 1398 4672 iu
1424 4615 1516 4672 rem
1535 4587 1882 4702 diplomaticam,
1907 4615 1958 4674 ac
1986 4587 2119 4672 histo-

691 4731 799 4814 riam
817 4757 990 4816 manare
1009 4730 1129 4816 nobis
1154 4747 1403 4816 testarentur
1432 4762 1590 4817 errores
1609 4733 1835 4818 hominum
1855 4731 2115 4821 doctissuno-

687 4895 818 4974 rum,
854 4869 930 4981 qui
965 4897 1065 4955 cum
1102 4868 1269 4958 easdem
1300 4901 1377 4985 pro
1412 4872 1722 4961 absolutissimis
1756 4873 2118 4989 autographorum
