<?xml version="1.0" encoding="UTF-8"?>
<!DOCTYPE html PUBLIC "-//W3C//DTD XHTML 1.0 Transitional//EN"
    "http://www.w3.org/TR/xhtml1/DTD/xhtml1-transitional.dtd">
<html xmlns="http://www.w3.org/1999/xhtml" xml:lang="en" lang="en">
 <head>
  <title>
</title>
<meta http-equiv="Content-Type" content="text/html;charset=utf-8" />
  <meta name='ocr-system' content='tesseract 3.04.00' />
  <meta name='ocr-capabilities' content='ocr_page ocr_carea ocr_par ocr_line ocrx_word'/>
</head>
<body>
  <div class='ocr_page' id='page_1' title='image "./monumentaeditaa01napogoog_0103.png"; bbox 0 0 4658 6508; ppageno 0'>
   <div class='ocr_carea' id='block_1_1' title="bbox 878 614 1001 712">
    <p class='ocr_par' dir='ltr' id='par_1_1' title="bbox 878 614 1001 712">
     <span class='ocr_line' id='line_1_1' title="bbox 878 614 1001 712; baseline -0.016 0"><span class='ocrx_word' id='word_1_1' title='bbox 878 614 1001 712; x_wconf 77' lang='lat'><strong>(4⁷)</strong></span> 
     </span>
    </p>
   </div>
   <div class='ocr_carea' id='block_1_2' title="bbox 901 871 992 941">
    <p class='ocr_par' dir='ltr' id='par_1_2' title="bbox 901 871 992 941">
     <span class='ocr_line' id='line_1_2' title="bbox 901 871 992 941; baseline -0.022 1"><span class='ocrx_word' id='word_1_2' title='bbox 901 871 992 941; x_wconf 82' lang='lat' dir='ltr'><strong>xlv.</strong></span> 
     </span>
    </p>
   </div>
   <div class='ocr_carea' id='block_1_3' title="bbox 227 1055 1796 1791">
    <p class='ocr_par' dir='ltr' id='par_1_3' title="bbox 227 1055 1796 1791">
     <span class='ocr_line' id='line_1_3' title="bbox 324 1055 1777 1151; baseline -0.005 -19"><span class='ocrx_word' id='word_1_3' title='bbox 324 1061 361 1132; x_wconf 93' lang='lat' dir='ltr'><strong>ln</strong></span> <span class='ocrx_word' id='word_1_4' title='bbox 387 1059 519 1133; x_wconf 90' lang='lat' dir='ltr'><strong>nomine</strong></span> <span class='ocrx_word' id='word_1_5' title='bbox 545 1058 669 1132; x_wconf 90' lang='lat' dir='ltr'><strong>domini</strong></span> <span class='ocrx_word' id='word_1_6' title='bbox 696 1058 748 1131; x_wconf 87' lang='lat' dir='ltr'><strong>dei</strong></span> <span class='ocrx_word' id='word_1_7' title='bbox 775 1059 942 1131; x_wconf 86' lang='lat' dir='ltr'><strong>salvatoris</strong></span> <span class='ocrx_word' id='word_1_8' title='bbox 966 1059 1069 1130; x_wconf 84' lang='lat' dir='ltr'><strong>nostri</strong></span> <span class='ocrx_word' id='word_1_9' title='bbox 1091 1060 1164 1130; x_wconf 89' lang='lat' dir='ltr'><strong>lesu</strong></span> <span class='ocrx_word' id='word_1_10' title='bbox 1185 1055 1297 1128; x_wconf 88' lang='lat' dir='ltr'><strong>christi</strong></span> <span class='ocrx_word' id='word_1_11' title='bbox 1321 1057 1501 1151; x_wconf 88' lang='lat' dir='ltr'><strong>Imperante</strong></span> <span class='ocrx_word' id='word_1_12' title='bbox 1526 1055 1658 1128; x_wconf 88' lang='lat' dir='ltr'><strong>domino</strong></span> <span class='ocrx_word' id='word_1_13' title='bbox 1724 1097 1777 1144; x_wconf 63' lang='lat' dir='ltr'><strong>m,</strong></span> 
     </span>
     <span class='ocr_line' id='line_1_4' title="bbox 228 1156 1796 1284; baseline -0.006 -22"><span class='ocrx_word' id='word_1_14' title='bbox 228 1199 339 1266; x_wconf 87' lang='lat' dir='ltr'><strong>nostro</strong></span> <span class='ocrx_word' id='word_1_15' title='bbox 366 1189 574 1268; x_wconf 87' lang='lat' dir='ltr'><strong>Constantino</strong></span> <span class='ocrx_word' id='word_1_16' title='bbox 600 1211 720 1282; x_wconf 78' lang='lat' dir='ltr'><strong>magno</strong></span> <span class='ocrx_word' id='word_1_17' title='bbox 742 1187 937 1284; x_wconf 74' lang='lat' dir='ltr'><strong>imperatore</strong></span> <span class='ocrx_word' id='word_1_18' title='bbox 965 1209 1050 1259; x_wconf 89' lang='lat' dir='ltr'><strong>anno</strong></span> <span class='ocrx_word' id='word_1_19' title='bbox 1076 1187 1232 1260; x_wconf 81' lang='lat' dir='ltr'><strong>vicesimo</strong></span> <span class='ocrx_word' id='word_1_20' title='bbox 1260 1187 1352 1257; x_wconf 85' lang='lat' dir='ltr'><strong>tertio</strong></span> <span class='ocrx_word' id='word_1_21' title='bbox 1374 1187 1426 1256; x_wconf 86' lang='lat' dir='ltr'><strong>sed</strong></span> <span class='ocrx_word' id='word_1_22' title='bbox 1458 1201 1485 1257; x_wconf 89' lang='lat' dir='ltr'><strong>et</strong></span> <span class='ocrx_word' id='word_1_23' title='bbox 1517 1185 1659 1256; x_wconf 81' lang='lat' dir='ltr'><strong>Romam</strong></span> <span class='ocrx_word' id='word_1_24' title='bbox 1716 1156 1796 1266; x_wconf 65' lang='lat' dir='ltr'><strong>eso.</strong></span> 
     </span>
     <span class='ocr_line' id='line_1_5' title="bbox 227 1307 1659 1412; baseline -0.006 -26"><span class='ocrx_word' id='word_1_25' title='bbox 227 1333 256 1387; x_wconf 89' lang='lat' dir='ltr'><strong>et</strong></span> <span class='ocrx_word' id='word_1_26' title='bbox 286 1317 475 1412; x_wconf 75' lang='lat' dir='ltr'><strong>Christosoro</strong></span> <span class='ocrx_word' id='word_1_27' title='bbox 498 1315 570 1389; x_wconf 88' lang='lat' dir='ltr'><strong>eius</strong></span> <span class='ocrx_word' id='word_1_28' title='bbox 594 1315 663 1388; x_wconf 88' lang='lat' dir='ltr'><strong>lilio</strong></span> <span class='ocrx_word' id='word_1_29' title='bbox 689 1337 774 1386; x_wconf 91' lang='lat' dir='ltr'><strong>anno</strong></span> <span class='ocrx_word' id='word_1_30' title='bbox 797 1316 915 1386; x_wconf 78' lang='lat' dir='ltr'><strong>decimo</strong></span> <span class='ocrx_word' id='word_1_31' title='bbox 939 1314 987 1412; x_wconf 87' lang='lat'><strong>(1)</strong></span> <span class='ocrx_word' id='word_1_32' title='bbox 1014 1315 1068 1387; x_wconf 92' lang='lat' dir='ltr'><strong>die</strong></span> <span class='ocrx_word' id='word_1_33' title='bbox 1088 1311 1242 1384; x_wconf 88' lang='lat' dir='ltr'><strong>vicesima</strong></span> <span class='ocrx_word' id='word_1_34' title='bbox 1267 1318 1358 1382; x_wconf 84' lang='lat' dir='ltr'><strong>sexta</strong></span> <span class='ocrx_word' id='word_1_35' title='bbox 1372 1309 1492 1380; x_wconf 82' lang='lat' dir='ltr'>mensis</span> <span class='ocrx_word' id='word_1_36' title='bbox 1506 1307 1659 1382; x_wconf 80' lang='lat' dir='ltr'><strong>februarii</strong></span> 
     </span>
     <span class='ocr_line' id='line_1_6' title="bbox 228 1437 1660 1537; baseline -0.007 -22"><span class='ocrx_word' id='word_1_37' title='bbox 228 1447 405 1518; x_wconf 87' lang='lat' dir='ltr'><strong>indictione</strong></span> <span class='ocrx_word' id='word_1_38' title='bbox 428 1445 521 1516; x_wconf 88' lang='lat' dir='ltr'><strong>tertia</strong></span> <span class='ocrx_word' id='word_1_39' title='bbox 544 1443 685 1537; x_wconf 80' lang='lat' dir='ltr'>neapoli.</span> <span class='ocrx_word' id='word_1_40' title='bbox 710 1445 843 1516; x_wconf 82' lang='lat' dir='ltr'>Certum</span> <span class='ocrx_word' id='word_1_41' title='bbox 867 1453 915 1517; x_wconf 87' lang='lat' dir='ltr'><strong>est</strong></span> <span class='ocrx_word' id='word_1_42' title='bbox 938 1467 993 1516; x_wconf 91' lang='lat' dir='ltr'><strong>me</strong></span> <span class='ocrx_word' id='word_1_43' title='bbox 1021 1444 1147 1536; x_wconf 80' lang='lat' dir='ltr'><strong>eufimia</strong></span> <span class='ocrx_word' id='word_1_44' title='bbox 1170 1441 1294 1512; x_wconf 77' lang='lat' dir='ltr'><strong>bosam</strong></span> <span class='ocrx_word' id='word_1_45' title='bbox 1322 1438 1440 1534; x_wconf 70' lang='lat' dir='ltr'><strong>fenino</strong></span> <span class='ocrx_word' id='word_1_46' title='bbox 1468 1455 1495 1509; x_wconf 86' lang='lat' dir='ltr'><strong>et</strong></span> <span class='ocrx_word' id='word_1_47' title='bbox 1525 1437 1660 1508; x_wconf 86' lang='lat' dir='ltr'><strong>vitalia-</strong></span> 
     </span>
     <span class='ocr_line' id='line_1_7' title="bbox 228 1559 1661 1663; baseline -0.01 -20"><span class='ocrx_word' id='word_1_48' title='bbox 228 1595 308 1643; x_wconf 91' lang='lat' dir='ltr'><strong>num</strong></span> <span class='ocrx_word' id='word_1_49' title='bbox 335 1595 393 1643; x_wconf 88' lang='lat' dir='ltr'><strong>seu</strong></span> <span class='ocrx_word' id='word_1_50' title='bbox 413 1569 605 1663; x_wconf 88' lang='lat' dir='ltr'><strong>stephanum</strong></span> <span class='ocrx_word' id='word_1_51' title='bbox 627 1569 691 1640; x_wconf 89' lang='lat' dir='ltr'><strong>hoe</strong></span> <span class='ocrx_word' id='word_1_52' title='bbox 713 1581 761 1642; x_wconf 90' lang='lat' dir='ltr'><strong>est</strong></span> <span class='ocrx_word' id='word_1_53' title='bbox 784 1579 888 1642; x_wconf 89' lang='lat' dir='ltr'><strong>mater</strong></span> <span class='ocrx_word' id='word_1_54' title='bbox 905 1579 937 1642; x_wconf 89' lang='lat' dir='ltr'><strong>et</strong></span> <span class='ocrx_word' id='word_1_55' title='bbox 958 1571 1043 1642; x_wconf 89' lang='lat' dir='ltr'><strong>filios</strong></span> <span class='ocrx_word' id='word_1_56' title='bbox 1062 1567 1174 1639; x_wconf 89' lang='lat' dir='ltr'><strong>relicta</strong></span> <span class='ocrx_word' id='word_1_57' title='bbox 1207 1573 1239 1637; x_wconf 89' lang='lat' dir='ltr'><strong>et</strong></span> <span class='ocrx_word' id='word_1_58' title='bbox 1264 1565 1347 1635; x_wconf 89' lang='lat' dir='ltr'><strong>filios</strong></span> <span class='ocrx_word' id='word_1_59' title='bbox 1374 1563 1508 1658; x_wconf 89' lang='lat' dir='ltr'><strong>quidam</strong></span> <span class='ocrx_word' id='word_1_60' title='bbox 1537 1559 1661 1634; x_wconf 92' lang='lat' dir='ltr'><strong>domini</strong></span> 
     </span>
     <span class='ocr_line' id='line_1_8' title="bbox 228 1689 1660 1791; baseline -0.009 -21"><span class='ocrx_word' id='word_1_61' title='bbox 228 1699 345 1770; x_wconf 91' lang='lat' dir='ltr'><strong>marini</strong></span> <span class='ocrx_word' id='word_1_62' title='bbox 360 1696 586 1791; x_wconf 85' lang='lat' dir='ltr'><strong>Katasergium</strong></span> <span class='ocrx_word' id='word_1_63' title='bbox 613 1695 781 1770; x_wconf 83' lang='lat' dir='ltr'><strong>tmbunnm</strong></span> <span class='ocrx_word' id='word_1_64' title='bbox 805 1700 844 1770; x_wconf 91' lang='lat' dir='ltr'><strong>de</strong></span> <span class='ocrx_word' id='word_1_65' title='bbox 871 1696 1036 1769; x_wconf 79' lang='lat' dir='ltr'><strong>abbatissa.</strong></span> <span class='ocrx_word' id='word_1_66' title='bbox 1059 1718 1119 1768; x_wconf 90' lang='lat' dir='ltr'><strong>nos</strong></span> <span class='ocrx_word' id='word_1_67' title='bbox 1143 1717 1214 1766; x_wconf 85' lang='lat' dir='ltr'><strong>vero</strong></span> <span class='ocrx_word' id='word_1_68' title='bbox 1229 1708 1399 1764; x_wconf 85' lang='lat' dir='ltr'><strong>memorato</strong></span> <span class='ocrx_word' id='word_1_69' title='bbox 1420 1689 1577 1762; x_wconf 83' lang='lat' dir='ltr'><strong>vitaliano</strong></span> <span class='ocrx_word' id='word_1_70' title='bbox 1601 1707 1660 1758; x_wconf 89' lang='lat' dir='ltr'><strong>seu</strong></span> 
     </span>
    </p>
   </div>
   <div class='ocr_carea' id='block_1_4' title="bbox 231 1958 1667 3263">
    <p class='ocr_par' dir='ltr' id='par_1_4' title="bbox 231 1958 1667 3263">
     <span class='ocr_line' id='line_1_9' title="bbox 314 1958 1664 2048; baseline -0.005 -24"><span class='ocrx_word' id='word_1_71' title='bbox 314 1963 359 2048; x_wconf 88' lang='lat' dir='ltr'><strong>(r)</strong></span> <span class='ocrx_word' id='word_1_72' title='bbox 380 1965 588 2040; x_wconf 86' lang='lat' dir='ltr'><strong>Muratorius,</strong></span> <span class='ocrx_word' id='word_1_73' title='bbox 611 1963 665 2045; x_wconf 89' lang='lat' dir='ltr'><strong>qui</strong></span> <span class='ocrx_word' id='word_1_74' title='bbox 687 1963 877 2023; x_wconf 88' lang='lat' dir='ltr'><strong>membranae</strong></span> <span class='ocrx_word' id='word_1_75' title='bbox 898 1963 987 2023; x_wconf 88' lang='lat' dir='ltr'><strong>huius</strong></span> <span class='ocrx_word' id='word_1_76' title='bbox 1007 1959 1178 2044; x_wconf 83' lang='lat' dir='ltr'><strong>exemplum</strong></span> <span class='ocrx_word' id='word_1_77' title='bbox 1198 1962 1255 2021; x_wconf 84' lang='lat' dir='ltr'><strong>sibi</strong></span> <span class='ocrx_word' id='word_1_78' title='bbox 1272 1963 1396 2022; x_wconf 87' lang='lat' dir='ltr'><strong>missum</strong></span> <span class='ocrx_word' id='word_1_79' title='bbox 1413 1961 1452 2020; x_wconf 90' lang='lat' dir='ltr'><strong>ab</strong></span> <span class='ocrx_word' id='word_1_80' title='bbox 1468 1958 1664 2020; x_wconf 90' lang='lat' dir='ltr'><strong>eruditissimo</strong></span> 
     </span>
     <span class='ocr_line' id='line_1_10' title="bbox 232 2069 1661 2174; baseline -0.006 -38"><span class='ocrx_word' id='word_1_81' title='bbox 232 2073 427 2156; x_wconf 89' lang='lat' dir='ltr'><strong>neapolitano</strong></span> <span class='ocrx_word' id='word_1_82' title='bbox 446 2071 600 2134; x_wconf 85' lang='lat' dir='ltr'><strong>sacerdote</strong></span> <span class='ocrx_word' id='word_1_83' title='bbox 619 2071 740 2132; x_wconf 80' lang='lat' dir='ltr'><strong>Moscha</strong></span> <span class='ocrx_word' id='word_1_84' title='bbox 768 2071 843 2152; x_wconf 80' lang='lat' dir='ltr'><strong>(A.</strong></span> <span class='ocrx_word' id='word_1_85' title='bbox 866 2075 916 2134; x_wconf 89' lang='grc' dir='ltr'><strong>Μ.</strong></span> <span class='ocrx_word' id='word_1_86' title='bbox 939 2074 1022 2133; x_wconf 86' lang='grc' dir='ltr'><strong>ΑΕ.</strong></span> <span class='ocrx_word' id='word_1_87' title='bbox 1044 2081 1067 2132; x_wconf 87' lang='lat' dir='ltr'><strong>t.</strong></span> <span class='ocrx_word' id='word_1_88' title='bbox 1091 2073 1130 2132; x_wconf 90' lang='lat' dir='ltr'><strong>V.</strong></span> <span class='ocrx_word' id='word_1_89' title='bbox 1153 2069 1268 2132; x_wconf 72' lang='lat' dir='ltr'><strong>dissert.</strong></span> <span class='ocrx_word' id='word_1_90' title='bbox 1290 2074 1441 2132; x_wconf 84' lang='lat' dir='ltr'><em>LXVII.</em></span> <span class='ocrx_word' id='word_1_91' title='bbox 1464 2091 1540 2150; x_wconf 78' lang='lat' dir='ltr'><strong>pag.</strong></span> <span class='ocrx_word' id='word_1_92' title='bbox 1567 2071 1661 2174; x_wconf 75' lang='lat'><strong>594)</strong></span> 
     </span>
     <span class='ocr_line' id='line_1_11' title="bbox 231 2178 1663 2268; baseline -0.005 -22"><span class='ocrx_word' id='word_1_93' title='bbox 231 2189 313 2268; x_wconf 81' lang='lat' dir='ltr'><strong>typis</strong></span> <span class='ocrx_word' id='word_1_94' title='bbox 333 2181 564 2256; x_wconf 87' lang='lat' dir='ltr'><strong>mandandam,</strong></span> <span class='ocrx_word' id='word_1_95' title='bbox 585 2180 789 2262; x_wconf 81' lang='lat' dir='ltr'><strong>perdocteque</strong></span> <span class='ocrx_word' id='word_1_96' title='bbox 808 2178 1024 2240; x_wconf 81' lang='lat' dir='ltr'><strong>illustrandam</strong></span> <span class='ocrx_word' id='word_1_97' title='bbox 1046 2181 1188 2256; x_wconf 85' lang='lat' dir='ltr'><strong>curavit,</strong></span> <span class='ocrx_word' id='word_1_98' title='bbox 1218 2183 1274 2243; x_wconf 91' lang='lat' dir='ltr'><strong>etsi</strong></span> <span class='ocrx_word' id='word_1_99' title='bbox 1294 2179 1335 2240; x_wconf 87' lang='lat' dir='ltr'><strong>ad</strong></span> <span class='ocrx_word' id='word_1_100' title='bbox 1355 2179 1511 2242; x_wconf 89' lang='lat' dir='ltr'><strong>sacculum</strong></span> <span class='ocrx_word' id='word_1_101' title='bbox 1530 2181 1572 2241; x_wconf 87' lang='lat' dir='ltr'><strong>X.</strong></span> <span class='ocrx_word' id='word_1_102' title='bbox 1596 2199 1663 2240; x_wconf 89' lang='lat' dir='ltr'><strong>eam</strong></span> 
     </span>
     <span class='ocr_line' id='line_1_12' title="bbox 232 2291 1662 2378; baseline -0.005 -19"><span class='ocrx_word' id='word_1_103' title='bbox 232 2297 338 2359; x_wconf 88' lang='lat' dir='ltr'><strong>relerri</strong></span> <span class='ocrx_word' id='word_1_104' title='bbox 359 2314 446 2378; x_wconf 88' lang='lat' dir='ltr'><strong>posse</strong></span> <span class='ocrx_word' id='word_1_105' title='bbox 466 2294 683 2376; x_wconf 78' lang='lat' dir='ltr'><strong>persensisset,</strong></span> <span class='ocrx_word' id='word_1_106' title='bbox 704 2294 797 2354; x_wconf 86' lang='lat' dir='ltr'><strong>satius</strong></span> <span class='ocrx_word' id='word_1_107' title='bbox 817 2307 919 2354; x_wconf 85' lang='lat' dir='ltr'><strong>tamen</strong></span> <span class='ocrx_word' id='word_1_108' title='bbox 942 2293 1032 2354; x_wconf 88' lang='lat' dir='ltr'><strong>duxit</strong></span> <span class='ocrx_word' id='word_1_109' title='bbox 1058 2293 1154 2375; x_wconf 87' lang='lat' dir='ltr'><strong>ipsam</strong></span> <span class='ocrx_word' id='word_1_110' title='bbox 1184 2292 1222 2352; x_wconf 91' lang='lat' dir='ltr'><strong>ad</strong></span> <span class='ocrx_word' id='word_1_111' title='bbox 1250 2313 1368 2354; x_wconf 89' lang='lat' dir='ltr'><strong>annum</strong></span> <span class='ocrx_word' id='word_1_112' title='bbox 1398 2293 1457 2370; x_wconf 85' lang='grc'><strong>765</strong></span> <span class='ocrx_word' id='word_1_113' title='bbox 1487 2291 1662 2354; x_wconf 83' lang='lat' dir='ltr'><strong>amandare.</strong></span> 
     </span>
     <span class='ocr_line' id='line_1_13' title="bbox 231 2400 1666 2482; baseline -0.005 -15"><span class='ocrx_word' id='word_1_114' title='bbox 231 2410 309 2468; x_wconf 87' lang='lat' dir='ltr'><strong>Cum</strong></span> <span class='ocrx_word' id='word_1_115' title='bbox 329 2405 412 2466; x_wconf 88' lang='lat' dir='ltr'><strong>enim</strong></span> <span class='ocrx_word' id='word_1_116' title='bbox 431 2403 578 2462; x_wconf 87' lang='lat' dir='ltr'><strong>nonnulla</strong></span> <span class='ocrx_word' id='word_1_117' title='bbox 597 2403 675 2460; x_wconf 90' lang='lat' dir='ltr'><strong>inter</strong></span> <span class='ocrx_word' id='word_1_118' title='bbox 695 2400 917 2481; x_wconf 82' lang='lat' dir='ltr'><strong>chronologicas</strong></span> <span class='ocrx_word' id='word_1_119' title='bbox 934 2415 1019 2462; x_wconf 87' lang='lat' dir='ltr'><strong>notas</strong></span> <span class='ocrx_word' id='word_1_120' title='bbox 1035 2402 1127 2463; x_wconf 87' lang='lat' dir='ltr'><strong>verba</strong></span> <span class='ocrx_word' id='word_1_121' title='bbox 1143 2401 1183 2459; x_wconf 93' lang='lat' dir='ltr'><strong>ob</strong></span> <span class='ocrx_word' id='word_1_122' title='bbox 1198 2403 1341 2482; x_wconf 90' lang='lat' dir='ltr'><strong>temporis</strong></span> <span class='ocrx_word' id='word_1_123' title='bbox 1355 2414 1542 2464; x_wconf 87' lang='lat' dir='ltr'><strong>vetustatem</strong></span> <span class='ocrx_word' id='word_1_124' title='bbox 1556 2419 1593 2459; x_wconf 86' lang='lat' dir='ltr'><strong>ex</strong></span> <span class='ocrx_word' id='word_1_125' title='bbox 1607 2400 1666 2460; x_wconf 91' lang='grc'><strong>666</strong></span> 
     </span>
     <span class='ocr_line' id='line_1_14' title="bbox 233 2510 1664 2593; baseline -0.005 -16"><span class='ocrx_word' id='word_1_126' title='bbox 233 2517 415 2577; x_wconf 89' lang='lat' dir='ltr'><strong>documento</strong></span> <span class='ocrx_word' id='word_1_127' title='bbox 442 2513 665 2586; x_wconf 83' lang='lat' dir='ltr'><strong>evanuissent,</strong></span> <span class='ocrx_word' id='word_1_128' title='bbox 696 2513 955 2584; x_wconf 89' lang='lat' dir='ltr'><strong>Constantinum,</strong></span> <span class='ocrx_word' id='word_1_129' title='bbox 988 2512 1074 2570; x_wconf 86' lang='lat' dir='ltr'><strong>cuius</strong></span> <span class='ocrx_word' id='word_1_130' title='bbox 1095 2511 1185 2569; x_wconf 89' lang='lat' dir='ltr'><strong>annis</strong></span> <span class='ocrx_word' id='word_1_131' title='bbox 1205 2512 1443 2593; x_wconf 84' lang='lat' dir='ltr'><strong>praenotabatur</strong></span> <span class='ocrx_word' id='word_1_132' title='bbox 1463 2510 1664 2586; x_wconf 88' lang='lat' dir='ltr'><strong>membrana,</strong></span> 
     </span>
     <span class='ocr_line' id='line_1_15' title="bbox 233 2621 1663 2709; baseline -0.003 -20"><span class='ocrx_word' id='word_1_133' title='bbox 233 2631 464 2709; x_wconf 72' lang='lat' dir='ltr'><strong>copronymum</strong></span> <span class='ocrx_word' id='word_1_134' title='bbox 481 2622 573 2684; x_wconf 89' lang='lat' dir='ltr'><strong>luisse</strong></span> <span class='ocrx_word' id='word_1_135' title='bbox 592 2621 756 2684; x_wconf 85' lang='lat' dir='ltr'><strong>arbitratus</strong></span> <span class='ocrx_word' id='word_1_136' title='bbox 777 2635 843 2700; x_wconf 90' lang='lat' dir='ltr'><strong>est,</strong></span> <span class='ocrx_word' id='word_1_137' title='bbox 867 2624 922 2706; x_wconf 86' lang='lat' dir='ltr'><strong>qui</strong></span> <span class='ocrx_word' id='word_1_138' title='bbox 944 2621 1062 2683; x_wconf 89' lang='lat' dir='ltr'><strong>saeculo</strong></span> <span class='ocrx_word' id='word_1_139' title='bbox 1077 2622 1164 2682; x_wconf 81' lang='lat' dir='ltr'><strong>Vlll.</strong></span> <span class='ocrx_word' id='word_1_140' title='bbox 1184 2640 1322 2701; x_wconf 79' lang='lat' dir='ltr'><strong>graecum</strong></span> <span class='ocrx_word' id='word_1_141' title='bbox 1339 2621 1470 2683; x_wconf 90' lang='lat' dir='ltr'><strong>obtinuit</strong></span> <span class='ocrx_word' id='word_1_142' title='bbox 1483 2622 1663 2703; x_wconf 73' lang='grc' dir='ltr'>16666ιί666.</span> 
     </span>
     <span class='ocr_line' id='line_1_16' title="bbox 232 2731 1665 2815; baseline -0.006 -16"><span class='ocrx_word' id='word_1_143' title='bbox 232 2739 347 2800; x_wconf 85' lang='lat' dir='ltr'><strong>Verum</strong></span> <span class='ocrx_word' id='word_1_144' title='bbox 360 2756 481 2797; x_wconf 88' lang='lat' dir='ltr'><strong>necesse</strong></span> <span class='ocrx_word' id='word_1_145' title='bbox 502 2747 562 2810; x_wconf 87' lang='lat' dir='ltr'><strong>est,</strong></span> <span class='ocrx_word' id='word_1_146' title='bbox 583 2747 618 2793; x_wconf 88' lang='lat' dir='ltr'><strong>nt</strong></span> <span class='ocrx_word' id='word_1_147' title='bbox 633 2753 706 2792; x_wconf 89' lang='lat' dir='ltr'><strong>eum</strong></span> <span class='ocrx_word' id='word_1_148' title='bbox 719 2731 894 2792; x_wconf 80' lang='lat' dir='ltr'><strong>Alexandro</strong></span> <span class='ocrx_word' id='word_1_149' title='bbox 909 2731 946 2792; x_wconf 92' lang='lat' dir='ltr'><strong>de</strong></span> <span class='ocrx_word' id='word_1_150' title='bbox 961 2733 1032 2792; x_wconf 88' lang='lat' dir='ltr'><strong>Meo</strong></span> <span class='ocrx_word' id='word_1_151' title='bbox 1054 2731 1242 2812; x_wconf 81' lang='lat' dir='ltr'><strong>(Apparet.</strong></span> <span class='ocrx_word' id='word_1_152' title='bbox 1262 2732 1381 2792; x_wconf 80' lang='lat' dir='ltr'><strong>Cronol.</strong></span> <span class='ocrx_word' id='word_1_153' title='bbox 1392 2751 1473 2810; x_wconf 80' lang='lat' dir='ltr'><strong>pag.</strong></span> <span class='ocrx_word' id='word_1_154' title='bbox 1490 2732 1536 2792; x_wconf 77' lang='lat'><strong>35</strong></span> <span class='ocrx_word' id='word_1_155' title='bbox 1551 2743 1580 2792; x_wconf 85' lang='lat' dir='ltr'><strong>et</strong></span> <span class='ocrx_word' id='word_1_156' title='bbox 1594 2733 1638 2791; x_wconf 75' lang='lat'><strong>36</strong></span> <span class='ocrx_word' id='word_1_157' title='bbox 1652 2733 1665 2815; x_wconf 88' lang='lat'>)</span> 
     </span>
     <span class='ocr_line' id='line_1_17' title="bbox 231 2839 1666 2934; baseline -0.003 -23"><span class='ocrx_word' id='word_1_158' title='bbox 231 2847 386 2934; x_wconf 80' lang='lat' dir='ltr'><strong>quoddam</strong></span> <span class='ocrx_word' id='word_1_159' title='bbox 417 2848 485 2910; x_wconf 89' lang='lat' dir='ltr'><strong>heic</strong></span> <span class='ocrx_word' id='word_1_160' title='bbox 514 2845 672 2909; x_wconf 86' lang='lat' dir='ltr'><strong>Muratorii</strong></span> <span class='ocrx_word' id='word_1_161' title='bbox 702 2839 859 2924; x_wconf 65' lang='grc' dir='ltr'><strong>παρόραμα</strong></span> <span class='ocrx_word' id='word_1_162' title='bbox 889 2863 1092 2924; x_wconf 77' lang='lat' dir='ltr'><strong>agnoscamus</strong></span> <span class='ocrx_word' id='word_1_163' title='bbox 1122 2846 1318 2926; x_wconf 86' lang='lat' dir='ltr'><strong>Quamquam</strong></span> <span class='ocrx_word' id='word_1_164' title='bbox 1343 2846 1426 2906; x_wconf 89' lang='lat' dir='ltr'><strong>enim</strong></span> <span class='ocrx_word' id='word_1_165' title='bbox 1452 2859 1594 2908; x_wconf 88' lang='lat' dir='ltr'><strong>veterum</strong></span> <span class='ocrx_word' id='word_1_166' title='bbox 1619 2847 1666 2906; x_wconf 86' lang='lat' dir='ltr'><strong>in-</strong></span> 
     </span>
     <span class='ocr_line' id='line_1_18' title="bbox 231 2955 1666 3038; baseline -0.006 -16"><span class='ocrx_word' id='word_1_167' title='bbox 231 2974 470 3022; x_wconf 85' lang='lat' dir='ltr'><strong>strumentorum</strong></span> <span class='ocrx_word' id='word_1_168' title='bbox 487 2956 656 3018; x_wconf 85' lang='lat' dir='ltr'><strong>testimonio</strong></span> <span class='ocrx_word' id='word_1_169' title='bbox 676 2956 734 3015; x_wconf 91' lang='lat' dir='ltr'><strong>iarn</strong></span> <span class='ocrx_word' id='word_1_170' title='bbox 757 2956 820 3036; x_wconf 92' lang='lat' dir='ltr'><strong>ipse</strong></span> <span class='ocrx_word' id='word_1_171' title='bbox 840 2958 990 3016; x_wconf 82' lang='lat' dir='ltr'><strong>statuisset</strong></span> <span class='ocrx_word' id='word_1_172' title='bbox 1010 2955 1227 3016; x_wconf 89' lang='lat' dir='ltr'><strong>monasterium</strong></span> <span class='ocrx_word' id='word_1_173' title='bbox 1246 2957 1278 3016; x_wconf 90' lang='lat' dir='ltr'><strong>S.</strong></span> <span class='ocrx_word' id='word_1_174' title='bbox 1301 2955 1434 3017; x_wconf 89' lang='lat' dir='ltr'><strong>Severini</strong></span> <span class='ocrx_word' id='word_1_175' title='bbox 1459 2971 1528 3038; x_wconf 89' lang='lat' dir='ltr'><strong>post</strong></span> <span class='ocrx_word' id='word_1_176' title='bbox 1548 2976 1666 3016; x_wconf 85' lang='lat' dir='ltr'><strong>annum</strong></span> 
     </span>
     <span class='ocr_line' id='line_1_19' title="bbox 234 3062 1666 3153; baseline -0.004 -21"><span class='ocrx_word' id='word_1_177' title='bbox 234 3075 295 3153; x_wconf 85' lang='grc'><strong>876</strong></span> <span class='ocrx_word' id='word_1_178' title='bbox 314 3069 403 3132; x_wconf 82' lang='lat' dir='ltr'><strong>luisse</strong></span> <span class='ocrx_word' id='word_1_179' title='bbox 425 3067 614 3141; x_wconf 89' lang='lat' dir='ltr'><strong>conditum,</strong></span> <span class='ocrx_word' id='word_1_180' title='bbox 642 3080 672 3126; x_wconf 92' lang='lat' dir='ltr'><strong>et</strong></span> <span class='ocrx_word' id='word_1_181' title='bbox 692 3068 726 3127; x_wconf 94' lang='lat' dir='ltr'><strong>in</strong></span> <span class='ocrx_word' id='word_1_182' title='bbox 753 3062 940 3145; x_wconf 79' lang='lat' dir='ltr'><strong>designando</strong></span> <span class='ocrx_word' id='word_1_183' title='bbox 969 3069 1133 3148; x_wconf 88' lang='lat' dir='ltr'><strong>praesentis</strong></span> <span class='ocrx_word' id='word_1_184' title='bbox 1156 3066 1349 3126; x_wconf 82' lang='lat' dir='ltr'><strong>membranae</strong></span> <span class='ocrx_word' id='word_1_185' title='bbox 1379 3087 1460 3127; x_wconf 90' lang='lat' dir='ltr'><strong>anno</strong></span> <span class='ocrx_word' id='word_1_186' title='bbox 1490 3065 1666 3128; x_wconf 84' lang='lat' dir='ltr'><strong>affirmasset</strong></span> 
     </span>
     <span class='ocr_line' id='line_1_20' title="bbox 235 3177 1667 3263; baseline -0.003 -18"><span class='ocrx_word' id='word_1_187' title='bbox 235 3203 394 3263; x_wconf 81' lang='lat' dir='ltr'><strong>ann0910</strong></span> <span class='ocrx_word' id='word_1_188' title='bbox 415 3181 453 3243; x_wconf 90' lang='lat' dir='ltr'><strong>ad</strong></span> <span class='ocrx_word' id='word_1_189' title='bbox 473 3177 790 3241; x_wconf 87' lang='lat' dir='ltr'><strong>monasteriumillud</strong></span> <span class='ocrx_word' id='word_1_190' title='bbox 815 3177 955 3242; x_wconf 89' lang='lat' dir='ltr'><strong>delatum</strong></span> <span class='ocrx_word' id='word_1_191' title='bbox 981 3177 1074 3238; x_wconf 80' lang='lat' dir='ltr'><strong>luisse</strong></span> <span class='ocrx_word' id='word_1_192' title='bbox 1094 3199 1204 3260; x_wconf 88' lang='lat' dir='ltr'><strong>eorpus</strong></span> <span class='ocrx_word' id='word_1_193' title='bbox 1225 3184 1255 3244; x_wconf 80' lang='lat' dir='ltr'><strong>S.</strong></span> <span class='ocrx_word' id='word_1_194' title='bbox 1282 3179 1447 3254; x_wconf 86' lang='lat' dir='ltr'><strong>Severini,</strong></span> <span class='ocrx_word' id='word_1_195' title='bbox 1476 3180 1587 3242; x_wconf 88' lang='lat' dir='ltr'><strong>barum</strong></span> <span class='ocrx_word' id='word_1_196' title='bbox 1618 3194 1667 3241; x_wconf 89' lang='lat' dir='ltr'><strong>ta-</strong></span> 
     </span>
    </p>
   </div>
   <div class='ocr_carea' id='block_1_5' title="bbox 233 3273 1666 3484">
    <p class='ocr_par' dir='ltr' id='par_1_5' title="bbox 233 3273 1666 3484">
     <span class='ocr_line' id='line_1_21' title="bbox 233 3273 1666 3371; baseline 0.001 -20"><span class='ocrx_word' id='word_1_197' title='bbox 233 3313 304 3356; x_wconf 85' lang='lat' dir='ltr'><strong>men</strong></span> <span class='ocrx_word' id='word_1_198' title='bbox 327 3309 427 3350; x_wconf 89' lang='lat' dir='ltr'><strong>rerum</strong></span> <span class='ocrx_word' id='word_1_199' title='bbox 453 3308 575 3371; x_wconf 90' lang='lat' dir='ltr'><strong>prorsus</strong></span> <span class='ocrx_word' id='word_1_200' title='bbox 596 3285 731 3363; x_wconf 88' lang='lat' dir='ltr'><strong>oblitus,</strong></span> <span class='ocrx_word' id='word_1_201' title='bbox 754 3285 792 3346; x_wconf 89' lang='lat' dir='ltr'><strong>ad</strong></span> <span class='ocrx_word' id='word_1_202' title='bbox 811 3273 927 3348; x_wconf 82' lang='lat' dir='ltr'><strong>annum</strong></span> <span class='ocrx_word' id='word_1_203' title='bbox 957 3290 1015 3368; x_wconf 86' lang='lat'><strong>765</strong></span> <span class='ocrx_word' id='word_1_204' title='bbox 1036 3287 1246 3349; x_wconf 87' lang='lat' dir='ltr'><strong>membranam</strong></span> <span class='ocrx_word' id='word_1_205' title='bbox 1266 3288 1347 3348; x_wconf 90' lang='grc'>6666</span> <span class='ocrx_word' id='word_1_206' title='bbox 1367 3289 1564 3369; x_wconf 82' lang='lat' dir='ltr'><strong>amandavit,</strong></span> <span class='ocrx_word' id='word_1_207' title='bbox 1588 3310 1666 3370; x_wconf 86' lang='lat' dir='ltr'><strong>quae</strong></span> 
     </span>
     <span class='ocr_line' id='line_1_22' title="bbox 234 3395 1665 3484; baseline -0.002 -19"><span class='ocrx_word' id='word_1_208' title='bbox 234 3403 420 3466; x_wconf 88' lang='lat' dir='ltr'><strong>mentionem</strong></span> <span class='ocrx_word' id='word_1_209' title='bbox 438 3399 531 3459; x_wconf 92' lang='lat' dir='ltr'><strong>habet</strong></span> <span class='ocrx_word' id='word_1_210' title='bbox 549 3411 616 3456; x_wconf 88' lang='lat' dir='ltr'><strong>tum</strong></span> <span class='ocrx_word' id='word_1_211' title='bbox 635 3395 769 3458; x_wconf 89' lang='lat' dir='ltr'><strong>eiusdem</strong></span> <span class='ocrx_word' id='word_1_212' title='bbox 783 3397 954 3459; x_wconf 88' lang='lat' dir='ltr'><strong>monasterii</strong></span> <span class='ocrx_word' id='word_1_213' title='bbox 970 3440 981 3472; x_wconf 93' lang='lat'><strong>,</strong></span> <span class='ocrx_word' id='word_1_214' title='bbox 1003 3411 1070 3458; x_wconf 91' lang='lat' dir='ltr'><strong>tum</strong></span> <span class='ocrx_word' id='word_1_215' title='bbox 1090 3402 1224 3480; x_wconf 89' lang='lat' dir='ltr'><strong>corporis</strong></span> <span class='ocrx_word' id='word_1_216' title='bbox 1243 3399 1276 3457; x_wconf 90' lang='lat' dir='ltr'><strong>S.</strong></span> <span class='ocrx_word' id='word_1_217' title='bbox 1294 3400 1457 3478; x_wconf 85' lang='lat' dir='ltr'><strong>Severini,</strong></span> <span class='ocrx_word' id='word_1_218' title='bbox 1488 3401 1575 3481; x_wconf 88' lang='lat' dir='ltr'><strong>quod</strong></span> <span class='ocrx_word' id='word_1_219' title='bbox 1600 3403 1665 3484; x_wconf 87' lang='lat' dir='ltr'><strong>ipsa</strong></span> 
     </span>
    </p>
   </div>
   <div class='ocr_carea' id='block_1_6' title="bbox 236 3512 1671 5036">
    <p class='ocr_par' dir='ltr' id='par_1_6' title="bbox 236 3512 1666 3708">
     <span class='ocr_line' id='line_1_23' title="bbox 236 3512 1666 3595; baseline -0.003 -16"><span class='ocrx_word' id='word_1_220' title='bbox 236 3516 331 3579; x_wconf 89' lang='lat' dir='ltr'><strong>edicit</strong></span> <span class='ocrx_word' id='word_1_221' title='bbox 355 3513 472 3574; x_wconf 88' lang='lat' dir='ltr'><strong>ibidem</strong></span> <span class='ocrx_word' id='word_1_222' title='bbox 492 3513 648 3595; x_wconf 83' lang='lat' dir='ltr'><strong>quiescere</strong></span> <span class='ocrx_word' id='word_1_223' title='bbox 668 3532 737 3572; x_wconf 93' lang='lat' dir='ltr'><strong>cum</strong></span> <span class='ocrx_word' id='word_1_224' title='bbox 765 3533 891 3594; x_wconf 91' lang='lat' dir='ltr'><strong>corpore</strong></span> <span class='ocrx_word' id='word_1_225' title='bbox 919 3513 952 3573; x_wconf 83' lang='lat' dir='ltr'><strong>S.</strong></span> <span class='ocrx_word' id='word_1_226' title='bbox 975 3513 1096 3590; x_wconf 89' lang='lat' dir='ltr'><strong>Sossii,</strong></span> <span class='ocrx_word' id='word_1_227' title='bbox 1125 3515 1210 3576; x_wconf 89' lang='lat' dir='ltr'><strong>cuius</strong></span> <span class='ocrx_word' id='word_1_228' title='bbox 1238 3512 1468 3577; x_wconf 83' lang='lat' dir='ltr'><strong>translationem</strong></span> <span class='ocrx_word' id='word_1_229' title='bbox 1492 3535 1575 3576; x_wconf 91' lang='lat' dir='ltr'><strong>anno</strong></span> <span class='ocrx_word' id='word_1_230' title='bbox 1604 3533 1666 3595; x_wconf 81' lang='lat'><strong>920</strong></span> 
     </span>
     <span class='ocr_line' id='line_1_24' title="bbox 237 3624 821 3708; baseline -0.01 -15"><span class='ocrx_word' id='word_1_231' title='bbox 237 3629 396 3708; x_wconf 79' lang='lat' dir='ltr'><strong>contigisse</strong></span> <span class='ocrx_word' id='word_1_232' title='bbox 423 3645 480 3706; x_wconf 94' lang='lat' dir='ltr'><strong>pro</strong></span> <span class='ocrx_word' id='word_1_233' title='bbox 499 3637 656 3704; x_wconf 90' lang='lat' dir='ltr'><strong>comperto</strong></span> <span class='ocrx_word' id='word_1_234' title='bbox 677 3624 821 3687; x_wconf 85' lang='lat' dir='ltr'><strong>babetur.</strong></span> 
     </span>
    </p>

    <p class='ocr_par' dir='ltr' id='par_1_7' title="bbox 239 3733 1671 5036">
     <span class='ocr_line' id='line_1_25' title="bbox 318 3733 1668 3820; baseline -0.001 -22"><span class='ocrx_word' id='word_1_235' title='bbox 318 3739 379 3798; x_wconf 88' lang='lat' dir='ltr'><strong>Nos</strong></span> <span class='ocrx_word' id='word_1_236' title='bbox 392 3739 504 3820; x_wconf 80' lang='lat' dir='ltr'><strong>igitur,</strong></span> <span class='ocrx_word' id='word_1_237' title='bbox 519 3737 599 3795; x_wconf 88' lang='lat' dir='ltr'><strong>bisce</strong></span> <span class='ocrx_word' id='word_1_238' title='bbox 614 3735 756 3794; x_wconf 90' lang='lat' dir='ltr'><strong>omnibus</strong></span> <span class='ocrx_word' id='word_1_239' title='bbox 771 3734 863 3814; x_wconf 86' lang='lat' dir='ltr'><strong>probe</strong></span> <span class='ocrx_word' id='word_1_240' title='bbox 878 3733 1113 3814; x_wconf 86' lang='lat' dir='ltr'><strong>animadversis,</strong></span> <span class='ocrx_word' id='word_1_241' title='bbox 1131 3734 1358 3816; x_wconf 82' lang='lat' dir='ltr'><strong>chronologicas</strong></span> <span class='ocrx_word' id='word_1_242' title='bbox 1372 3735 1566 3816; x_wconf 73' lang='lat' dir='ltr'><strong>exemplasse</strong></span> <span class='ocrx_word' id='word_1_243' title='bbox 1580 3736 1668 3796; x_wconf 86' lang='lat' dir='ltr'><strong>huius</strong></span> 
     </span>
     <span class='ocr_line' id='line_1_26' title="bbox 239 3841 1670 3926; baseline -0.004 -16"><span class='ocrx_word' id='word_1_244' title='bbox 239 3847 432 3910; x_wconf 84' lang='lat' dir='ltr'><strong>membranae</strong></span> <span class='ocrx_word' id='word_1_245' title='bbox 453 3859 542 3906; x_wconf 86' lang='lat' dir='ltr'><strong>notas</strong></span> <span class='ocrx_word' id='word_1_246' title='bbox 556 3887 566 3920; x_wconf 96' lang='lat'><strong>,</strong></span> <span class='ocrx_word' id='word_1_247' title='bbox 598 3866 634 3906; x_wconf 92' lang='lat' dir='ltr'><strong>ac</strong></span> <span class='ocrx_word' id='word_1_248' title='bbox 656 3843 778 3926; x_wconf 84' lang='lat' dir='ltr'><strong>reliqua</strong></span> <span class='ocrx_word' id='word_1_249' title='bbox 807 3845 901 3926; x_wconf 88' lang='lat' dir='ltr'><strong>ipsius</strong></span> <span class='ocrx_word' id='word_1_250' title='bbox 925 3841 1084 3924; x_wconf 71' lang='grc' dir='ltr'><strong>διακριτικὰ</strong></span> <span class='ocrx_word' id='word_1_251' title='bbox 1109 3844 1289 3924; x_wconf 80' lang='lat' dir='ltr'><strong>diligentius</strong></span> <span class='ocrx_word' id='word_1_252' title='bbox 1316 3844 1516 3926; x_wconf 80' lang='lat' dir='ltr'><strong>expendenda</strong></span> <span class='ocrx_word' id='word_1_253' title='bbox 1547 3847 1670 3908; x_wconf 88' lang='lat' dir='ltr'><strong>curavi-</strong></span> 
     </span>
     <span class='ocr_line' id='line_1_27' title="bbox 240 3955 1667 4039; baseline 0.001 -21"><span class='ocrx_word' id='word_1_254' title='bbox 240 3979 308 4022; x_wconf 87' lang='lat' dir='ltr'><strong>mus</strong></span> <span class='ocrx_word' id='word_1_255' title='bbox 323 4003 332 4035; x_wconf 92' lang='lat'><strong>,</strong></span> <span class='ocrx_word' id='word_1_256' title='bbox 364 3955 447 4038; x_wconf 91' lang='lat' dir='ltr'><strong>quod</strong></span> <span class='ocrx_word' id='word_1_257' title='bbox 467 3955 551 4015; x_wconf 87' lang='lat' dir='ltr'><strong>idem</strong></span> <span class='ocrx_word' id='word_1_258' title='bbox 570 3955 605 4016; x_wconf 75' lang='lat' dir='ltr'><strong>A.</strong></span> <span class='ocrx_word' id='word_1_259' title='bbox 627 3955 666 4015; x_wconf 88' lang='lat' dir='ltr'><strong>de</strong></span> <span class='ocrx_word' id='word_1_260' title='bbox 686 3957 755 4014; x_wconf 89' lang='lat' dir='ltr'><strong>Meo</strong></span> <span class='ocrx_word' id='word_1_261' title='bbox 784 3955 796 4037; x_wconf 89' lang='lat'>(</span> <span class='ocrx_word' id='word_1_262' title='bbox 820 3959 842 4016; x_wconf 84' lang='lat' dir='ltr'><strong>l.</strong></span> <span class='ocrx_word' id='word_1_263' title='bbox 864 3957 928 4039; x_wconf 86' lang='grc'><strong>6.)</strong></span> <span class='ocrx_word' id='word_1_264' title='bbox 958 3957 1134 4019; x_wconf 81' lang='lat' dir='ltr'><strong>laciendum</strong></span> <span class='ocrx_word' id='word_1_265' title='bbox 1164 3961 1206 4018; x_wconf 89' lang='lat' dir='ltr'><strong>ait</strong></span> <span class='ocrx_word' id='word_1_266' title='bbox 1230 3955 1270 4016; x_wconf 87' lang='lat' dir='ltr'><strong>ad</strong></span> <span class='ocrx_word' id='word_1_267' title='bbox 1300 3958 1456 4018; x_wconf 85' lang='lat' dir='ltr'><strong>certiorem</strong></span> <span class='ocrx_word' id='word_1_268' title='bbox 1482 3957 1571 4018; x_wconf 91' lang='lat' dir='ltr'><strong>huius</strong></span> <span class='ocrx_word' id='word_1_269' title='bbox 1599 3979 1667 4019; x_wconf 91' lang='lat' dir='ltr'><strong>mo-</strong></span> 
     </span>
     <span class='ocr_line' id='line_1_28' title="bbox 243 4062 1669 4150; baseline -0.001 -21"><span class='ocrx_word' id='word_1_270' title='bbox 243 4069 385 4129; x_wconf 89' lang='lat' dir='ltr'><strong>numenti</strong></span> <span class='ocrx_word' id='word_1_271' title='bbox 405 4078 534 4126; x_wconf 87' lang='lat' dir='ltr'><strong>aetatem</strong></span> <span class='ocrx_word' id='word_1_272' title='bbox 557 4062 794 4146; x_wconf 82' lang='lat' dir='ltr'><strong>explorandam.</strong></span> <span class='ocrx_word' id='word_1_273' title='bbox 811 4065 888 4125; x_wconf 90' lang='lat' dir='ltr'><strong>Cum</strong></span> <span class='ocrx_word' id='word_1_274' title='bbox 909 4067 1013 4149; x_wconf 88' lang='lat' dir='ltr'><strong>itaque</strong></span> <span class='ocrx_word' id='word_1_275' title='bbox 1034 4068 1172 4147; x_wconf 88' lang='lat' dir='ltr'><strong>lacuna,</strong></span> <span class='ocrx_word' id='word_1_276' title='bbox 1200 4089 1277 4150; x_wconf 90' lang='lat' dir='ltr'><strong>quae</strong></span> <span class='ocrx_word' id='word_1_277' title='bbox 1297 4072 1378 4130; x_wconf 89' lang='lat' dir='ltr'><strong>iuter</strong></span> <span class='ocrx_word' id='word_1_278' title='bbox 1399 4083 1484 4130; x_wconf 84' lang='lat' dir='ltr'><strong>notas</strong></span> <span class='ocrx_word' id='word_1_279' title='bbox 1502 4068 1669 4130; x_wconf 88' lang='lat' dir='ltr'><strong>chronolo-</strong></span> 
     </span>
     <span class='ocr_line' id='line_1_29' title="bbox 239 4177 1668 4264; baseline 0.002 -25"><span class='ocrx_word' id='word_1_280' title='bbox 239 4180 321 4261; x_wconf 81' lang='lat' dir='ltr'><strong>gicus</strong></span> <span class='ocrx_word' id='word_1_281' title='bbox 341 4177 543 4246; x_wconf 83' lang='lat' dir='ltr'><strong>occurrebat,</strong></span> <span class='ocrx_word' id='word_1_282' title='bbox 563 4177 601 4238; x_wconf 92' lang='lat' dir='ltr'><strong>ad</strong></span> <span class='ocrx_word' id='word_1_283' title='bbox 623 4181 763 4240; x_wconf 89' lang='lat' dir='ltr'><strong>amussim</strong></span> <span class='ocrx_word' id='word_1_284' title='bbox 784 4180 903 4261; x_wconf 77' lang='lat' dir='ltr'><strong>expleri</strong></span> <span class='ocrx_word' id='word_1_285' title='bbox 921 4180 1081 4243; x_wconf 88' lang='lat' dir='ltr'><strong>videretur</strong></span> <span class='ocrx_word' id='word_1_286' title='bbox 1100 4183 1259 4244; x_wconf 86' lang='lat' dir='ltr'><strong>vocabulis</strong></span> <span class='ocrx_word' id='word_1_287' title='bbox 1280 4183 1363 4259; x_wconf 92' lang='lat' dir='ltr'><strong>illis,</strong></span> <span class='ocrx_word' id='word_1_288' title='bbox 1387 4201 1467 4264; x_wconf 84' lang='lat' dir='ltr'><strong>quae</strong></span> <span class='ocrx_word' id='word_1_289' title='bbox 1486 4185 1627 4244; x_wconf 90' lang='lat' dir='ltr'><strong>restituta</strong></span> <span class='ocrx_word' id='word_1_290' title='bbox 1649 4203 1668 4242; x_wconf 85' lang='lat' dir='ltr'><strong>a</strong></span> 
     </span>
     <span class='ocr_line' id='line_1_30' title="bbox 241 4287 1671 4374; baseline 0.003 -23"><span class='ocrx_word' id='word_1_291' title='bbox 241 4291 327 4351; x_wconf 87' lang='lat' dir='ltr'><strong>nobis</strong></span> <span class='ocrx_word' id='word_1_292' title='bbox 345 4287 472 4351; x_wconf 82' lang='lat' dir='ltr'><strong>suerunt</strong></span> <span class='ocrx_word' id='word_1_293' title='bbox 480 4333 490 4366; x_wconf 98' lang='lat'><strong>,</strong></span> <span class='ocrx_word' id='word_1_294' title='bbox 512 4291 653 4349; x_wconf 87' lang='lat' dir='ltr'><strong>nimirum</strong></span> <span class='ocrx_word' id='word_1_295' title='bbox 672 4291 763 4350; x_wconf 82' lang='lat' dir='ltr'><strong>tertio</strong></span> <span class='ocrx_word' id='word_1_296' title='bbox 776 4291 835 4351; x_wconf 82' lang='lat' dir='ltr'><strong>sed</strong></span> <span class='ocrx_word' id='word_1_297' title='bbox 845 4303 875 4352; x_wconf 83' lang='lat' dir='ltr'><strong>et</strong></span> <span class='ocrx_word' id='word_1_298' title='bbox 888 4296 1040 4356; x_wconf 79' lang='lat' dir='ltr'><strong>Romano</strong></span> <span class='ocrx_word' id='word_1_299' title='bbox 1053 4304 1083 4354; x_wconf 85' lang='lat' dir='ltr'><strong>et</strong></span> <span class='ocrx_word' id='word_1_300' title='bbox 1101 4295 1346 4374; x_wconf 77' lang='lat' dir='ltr'><strong>Christopboru,</strong></span> <span class='ocrx_word' id='word_1_301' title='bbox 1364 4317 1403 4356; x_wconf 84' lang='lat' dir='ltr'><strong>ae</strong></span> <span class='ocrx_word' id='word_1_302' title='bbox 1419 4296 1561 4368; x_wconf 79' lang='lat' dir='ltr'><strong>decimo,</strong></span> <span class='ocrx_word' id='word_1_303' title='bbox 1580 4312 1611 4357; x_wconf 91' lang='lat' dir='ltr'><strong>et</strong></span> <span class='ocrx_word' id='word_1_304' title='bbox 1624 4297 1671 4356; x_wconf 89' lang='lat' dir='ltr'><strong>in-</strong></span> 
     </span>
     <span class='ocr_line' id='line_1_31' title="bbox 242 4406 1671 4492; baseline 0.002 -26"><span class='ocrx_word' id='word_1_305' title='bbox 242 4406 339 4468; x_wconf 87' lang='lat' dir='ltr'><strong>dictio</strong></span> <span class='ocrx_word' id='word_1_306' title='bbox 357 4406 466 4482; x_wconf 90' lang='lat' dir='ltr'><strong>tertia,</strong></span> <span class='ocrx_word' id='word_1_307' title='bbox 493 4426 588 4488; x_wconf 88' lang='lat' dir='ltr'><strong>quam</strong></span> <span class='ocrx_word' id='word_1_308' title='bbox 609 4406 785 4466; x_wconf 85' lang='lat' dir='ltr'><strong>membrana</strong></span> <span class='ocrx_word' id='word_1_309' title='bbox 809 4408 1052 4489; x_wconf 72' lang='lat' dir='ltr'><strong>praeseferebat,</strong></span> <span class='ocrx_word' id='word_1_310' title='bbox 1074 4409 1288 4487; x_wconf 88' lang='lat' dir='ltr'><strong>Constantini,</strong></span> <span class='ocrx_word' id='word_1_311' title='bbox 1309 4411 1520 4492; x_wconf 75' lang='lat' dir='ltr'><strong>sociorumque</strong></span> <span class='ocrx_word' id='word_1_312' title='bbox 1539 4412 1671 4472; x_wconf 87' lang='lat' dir='ltr'><strong>Romani</strong></span> 
     </span>
     <span class='ocr_line' id='line_1_32' title="bbox 244 4517 1670 4607; baseline 0.003 -28"><span class='ocrx_word' id='word_1_313' title='bbox 244 4531 275 4579; x_wconf 91' lang='lat' dir='ltr'><strong>et</strong></span> <span class='ocrx_word' id='word_1_314' title='bbox 293 4517 501 4600; x_wconf 85' lang='lat' dir='ltr'><strong>Christopbori</strong></span> <span class='ocrx_word' id='word_1_315' title='bbox 521 4518 633 4594; x_wconf 90' lang='lat' dir='ltr'><strong>annis,</strong></span> <span class='ocrx_word' id='word_1_316' title='bbox 661 4537 741 4598; x_wconf 89' lang='lat' dir='ltr'><strong>quos</strong></span> <span class='ocrx_word' id='word_1_317' title='bbox 762 4517 915 4580; x_wconf 86' lang='lat' dir='ltr'><strong>addendos</strong></span> <span class='ocrx_word' id='word_1_318' title='bbox 936 4519 1105 4591; x_wconf 79' lang='lat' dir='ltr'><strong>duximus,</strong></span> <span class='ocrx_word' id='word_1_319' title='bbox 1130 4525 1266 4607; x_wconf 89' lang='lat' dir='ltr'><strong>apprime</strong></span> <span class='ocrx_word' id='word_1_320' title='bbox 1290 4539 1492 4605; x_wconf 78' lang='lat' dir='ltr'><strong>congrueret,</strong></span> <span class='ocrx_word' id='word_1_321' title='bbox 1523 4545 1584 4584; x_wconf 87' lang='lat' dir='ltr'><strong>non</strong></span> <span class='ocrx_word' id='word_1_322' title='bbox 1608 4521 1670 4585; x_wconf 85' lang='lat' dir='ltr'><strong>alis</strong></span> 
     </span>
     <span class='ocr_line' id='line_1_33' title="bbox 243 4628 1670 4719; baseline 0.006 -29"><span class='ocrx_word' id='word_1_323' title='bbox 243 4628 370 4710; x_wconf 88' lang='lat' dir='ltr'><strong>quidem</strong></span> <span class='ocrx_word' id='word_1_324' title='bbox 390 4651 468 4690; x_wconf 84' lang='lat' dir='ltr'><strong>anno</strong></span> <span class='ocrx_word' id='word_1_325' title='bbox 488 4650 582 4712; x_wconf 88' lang='lat' dir='ltr'><strong>quam</strong></span> <span class='ocrx_word' id='word_1_326' title='bbox 602 4633 664 4712; x_wconf 79' lang='grc'><strong>966</strong></span> <span class='ocrx_word' id='word_1_327' title='bbox 681 4630 918 4692; x_wconf 86' lang='lat' dir='ltr'><strong>instrumentum</strong></span> <span class='ocrx_word' id='word_1_328' title='bbox 944 4632 1002 4694; x_wconf 87' lang='grc'><strong>666</strong></span> <span class='ocrx_word' id='word_1_329' title='bbox 1023 4635 1110 4698; x_wconf 85' lang='lat' dir='ltr'><strong>fuisse</strong></span> <span class='ocrx_word' id='word_1_330' title='bbox 1131 4639 1334 4719; x_wconf 76' lang='lat' dir='ltr'><strong>conscriptum</strong></span> <span class='ocrx_word' id='word_1_331' title='bbox 1356 4638 1442 4697; x_wconf 86' lang='lat' dir='ltr'><strong>nobis</strong></span> <span class='ocrx_word' id='word_1_332' title='bbox 1460 4637 1616 4697; x_wconf 85' lang='lat' dir='ltr'><strong>suasimus.</strong></span> <span class='ocrx_word' id='word_1_333' title='bbox 1635 4640 1670 4698; x_wconf 87' lang='lat' dir='ltr'><strong>ln</strong></span> 
     </span>
     <span class='ocr_line' id='line_1_34' title="bbox 245 4742 1671 4832; baseline 0.008 -33"><span class='ocrx_word' id='word_1_334' title='bbox 245 4742 322 4802; x_wconf 87' lang='lat' dir='ltr'><strong>banc</strong></span> <span class='ocrx_word' id='word_1_335' title='bbox 336 4763 426 4824; x_wconf 88' lang='lat' dir='ltr'><strong>porro</strong></span> <span class='ocrx_word' id='word_1_336' title='bbox 446 4743 628 4805; x_wconf 80' lang='lat' dir='ltr'><strong>sententiam</strong></span> <span class='ocrx_word' id='word_1_337' title='bbox 652 4765 688 4806; x_wconf 91' lang='lat' dir='ltr'><strong>eo</strong></span> <span class='ocrx_word' id='word_1_338' title='bbox 701 4747 796 4826; x_wconf 78' lang='lat' dir='ltr'><strong>magis</strong></span> <span class='ocrx_word' id='word_1_339' title='bbox 819 4743 957 4806; x_wconf 81' lang='lat' dir='ltr'><strong>eundum</strong></span> <span class='ocrx_word' id='word_1_340' title='bbox 982 4767 1042 4810; x_wconf 88' lang='lat' dir='ltr'><strong>esse</strong></span> <span class='ocrx_word' id='word_1_341' title='bbox 1057 4753 1113 4810; x_wconf 90' lang='lat' dir='ltr'><strong>rati</strong></span> <span class='ocrx_word' id='word_1_342' title='bbox 1133 4771 1263 4819; x_wconf 88' lang='lat' dir='ltr'><strong>sumus,</strong></span> <span class='ocrx_word' id='word_1_343' title='bbox 1283 4751 1367 4832; x_wconf 84' lang='lat' dir='ltr'><strong>quod</strong></span> <span class='ocrx_word' id='word_1_344' title='bbox 1387 4752 1545 4814; x_wconf 82' lang='lat' dir='ltr'><strong>Ioannem</strong></span> <span class='ocrx_word' id='word_1_345' title='bbox 1559 4750 1671 4811; x_wconf 81' lang='lat' dir='ltr'><strong>Abba-</strong></span> 
     </span>
     <span class='ocr_line' id='line_1_35' title="bbox 246 4849 1670 4946; baseline 0.009 -37"><span class='ocrx_word' id='word_1_346' title='bbox 246 4861 308 4910; x_wconf 81' lang='lat' dir='ltr'><strong>tem</strong></span> <span class='ocrx_word' id='word_1_347' title='bbox 323 4849 537 4930; x_wconf 79' lang='lat' dir='ltr'><strong>presbyterum</strong></span> <span class='ocrx_word' id='word_1_348' title='bbox 550 4858 735 4914; x_wconf 77' lang='lat' dir='ltr'><strong>nronesterr&#39;i</strong></span> <span class='ocrx_word' id='word_1_349' title='bbox 755 4861 788 4915; x_wconf 85' lang='lat' dir='ltr'><strong>S.</strong></span> <span class='ocrx_word' id='word_1_350' title='bbox 797 4856 960 4931; x_wconf 79' lang='lat' dir='ltr'><strong>Severini,</strong></span> <span class='ocrx_word' id='word_1_351' title='bbox 974 4879 1068 4940; x_wconf 91' lang='lat' dir='ltr'><strong>quem</strong></span> <span class='ocrx_word' id='word_1_352' title='bbox 1084 4859 1183 4923; x_wconf 84' lang='lat' dir='ltr'><strong>innuit</strong></span> <span class='ocrx_word' id='word_1_353' title='bbox 1197 4864 1388 4938; x_wconf 86' lang='lat' dir='ltr'><strong>membrana,</strong></span> <span class='ocrx_word' id='word_1_354' title='bbox 1409 4883 1464 4946; x_wconf 89' lang='lat' dir='ltr'><strong>per</strong></span> <span class='ocrx_word' id='word_1_355' title='bbox 1485 4883 1519 4924; x_wconf 88' lang='lat' dir='ltr'><strong>ea</strong></span> <span class='ocrx_word' id='word_1_356' title='bbox 1534 4875 1670 4944; x_wconf 84' lang='lat' dir='ltr'><strong>tempora</strong></span> 
     </span>
     <span class='ocr_line' id='line_1_36' title="bbox 247 4960 1192 5036; baseline 0.016 -15"><span class='ocrx_word' id='word_1_357' title='bbox 247 4960 382 5024; x_wconf 82' lang='lat' dir='ltr'><strong>floruisse</strong></span> <span class='ocrx_word' id='word_1_358' title='bbox 403 4963 601 5028; x_wconf 79' lang='lat' dir='ltr'><strong>translationis</strong></span> <span class='ocrx_word' id='word_1_359' title='bbox 622 4969 655 5030; x_wconf 89' lang='lat' dir='ltr'><strong>S.</strong></span> <span class='ocrx_word' id='word_1_360' title='bbox 673 4968 811 5030; x_wconf 89' lang='lat' dir='ltr'><strong>Severini</strong></span> <span class='ocrx_word' id='word_1_361' title='bbox 830 4975 914 5034; x_wconf 85' lang='lat' dir='ltr'><strong>Aeta</strong></span> <span class='ocrx_word' id='word_1_362' title='bbox 934 4973 1022 5034; x_wconf 83' lang='lat' dir='ltr'><strong>nobis</strong></span> <span class='ocrx_word' id='word_1_363' title='bbox 1041 4987 1192 5036; x_wconf 86' lang='lat' dir='ltr'><strong>testantur</strong></span> 
     </span>
    </p>
   </div>
   <div class='ocr_carea' id='block_1_7' title="bbox 0 0 2366 6500">
    <p class='ocr_par' dir='ltr' id='par_1_8' title="bbox 0 0 2366 6500">
     <span class='ocr_line' id='line_1_37' title="bbox 0 0 2366 6500; baseline 0 0"><span class='ocrx_word' id='word_1_364' title='bbox 0 0 2366 6500; x_wconf 95' lang='lat' dir='ltr'><strong> </strong></span> 
     </span>
    </p>
   </div>
  </div>
 </body>
</html>
