4692 6512
882 633 1028 732 (159)

236 793 406 865 infirmarii
430 801 487 865 aut
509 792 538 864 si
560 792 630 888 ipse
653 791 834 864 infirmario
858 793 1023 887 disruptus
1053 791 1165 866 fucris.
1196 801 1274 865 tunc
1301 792 1486 866 nominatus
1516 795 1660 892 integrus

235 941 385 1013 campum
401 941 478 990 cnm
501 919 668 990 nominata
690 918 832 1012 corrigia
855 917 1071 1012 omnibusque
1090 918 1137 990 eis
1152 917 1387 1013 pertinentibus
1411 919 1613 992 rebertsntur
1629 935 1662 993 et

234 1045 299 1116 sint
314 1044 467 1116 offertum
489 1067 551 1138 pro
572 1065 645 1114 mea
668 1043 854 1136 pariterque
878 1042 979 1136 ipsius
1002 1043 1135 1135 coniugi
1159 1051 1192 1114 et
1215 1042 1274 1114 tilii
1298 1042 1365 1114 mei
1389 1043 1495 1116 anime
1511 1045 1545 1130 in
1562 1046 1660 1116 infir-

230 1171 336 1243 mario
353 1169 541 1242 monasterii
564 1170 668 1244 insule
692 1169 869 1242 salvatoris.
893 1169 978 1254 Quia
1001 1170 1047 1240 ita
1070 1169 1153 1240 mihi
1168 1169 1364 1263 complacui.
1390 1171 1425 1240 Si
1448 1171 1522 1264 quis
1550 1181 1659 1242 autem

231 1296 348 1390 quavis
367 1315 504 1390 persona
520 1294 620 1390 parba
635 1303 692 1365 aut
707 1315 824 1385 magna
839 1290 957 1384 quovis
972 1299 1119 1382 tempore
1135 1300 1248 1360 contra
1262 1289 1346 1361 hanc
1361 1291 1540 1364 chartulam
1556 1295 1659 1365 otier-

227 1418 327 1490 tionis
362 1427 400 1490 ut
433 1439 531 1511 super
564 1417 686 1509 legitur
722 1413 834 1484 venire
860 1412 1071 1505 presumseris
1098 1437 1158 1507 per
1188 1437 1223 1486 se
1251 1425 1309 1488 aut
1332 1418 1511 1488 summissis
1539 1441 1658 1512 perso-

227 1543 292 1615 nis.
330 1552 408 1613 tunc
441 1561 595 1634 personas
618 1540 689 1611 ibas
712 1538 771 1634 qui
795 1538 859 1610 hoc
882 1560 979 1610 armus
1001 1538 1100 1610 inerit
1122 1551 1312 1633 poenetrare
1335 1553 1368 1613 et
1391 1543 1459 1614 suis
1482 1542 1657 1616 heredibus

226 1663 378 1758 inprimis
394 1664 436 1734 sit
458 1661 519 1734 sub
543 1660 756 1732 anathematis
779 1659 918 1732 vinculis
936 1660 1097 1754 obligatus
1121 1685 1140 1730 a
1170 1669 1390 1735 trecentorum
1407 1665 1517 1738 decem
1534 1677 1566 1740 et
1583 1682 1657 1739 octo

228 1801 360 1886 patrum
383 1799 509 1886 partem
532 1789 650 1862 habeat
673 1811 750 1860 cum
773 1788 850 1859 iuda
874 1788 1027 1860 traditore
1044 1788 1169 1860 domini
1191 1800 1225 1862 et
1247 1789 1416 1863 salvatoris
1439 1793 1544 1864 nostri
1563 1794 1656 1868 ihesu

226 1915 343 1988 christi
367 1927 400 1988 et
435 1939 513 1988 cum
538 1914 691 1988 omnibus
718 1913 846 1987 creticis
872 1912 1057 1984 anathemas
1087 1913 1269 2008 possideant
1297 1925 1332 1988 et
1358 1937 1456 2012 super
1483 1917 1545 1990 bec
1569 1920 1654 1990 mala

225 2053 401 2137 componat
423 2042 460 2114 in
483 2044 599 2116 eodem
622 2040 803 2114 infirmario
837 2040 996 2114 nominati
1029 2041 1216 2112 monasterii
1247 2042 1349 2114 sancti
1379 2041 1550 2114 sebastiani
1581 2047 1653 2115 auri

224 2169 325 2242 libras
342 2179 407 2244 tres
422 2169 614 2264 bytianteasz
640 2177 674 2241 at
696 2167 724 2238 si
749 2191 812 2263 ego
834 2167 903 2262 ipss
926 2177 983 2239 aut
1005 2168 1087 2240 meis
1110 2167 1284 2242 heredibus
1306 2179 1419 2242 contre
1442 2171 1526 2244 hanc
1550 2171 1653 2242 char-

225 2296 329 2366 tulam
351 2295 465 2370 venire
494 2295 763 2390 presumserimus
796 2318 856 2391 per
891 2293 1010 2390 quovis
1033 2295 1169 2366 modum
1204 2303 1260 2366 aut
1295 2295 1474 2370 summissis
1506 2295 1652 2390 personis

223 2420 261 2490 in
283 2420 449 2491 nominata
473 2421 658 2492 anathemes
690 2429 724 2493 ot
743 2443 848 2516 poena
863 2418 1085 2491 subiaceamus
1108 2429 1141 2490 et
1161 2419 1221 2490 hec
1249 2418 1394 2490 chartula
1411 2421 1550 2516 qualiter
1567 2445 1652 2492 con·
1680 2504 1682 2509 .

222 2547 306 2620 tinet
338 2547 432 2620 firma
466 2556 653 2643 permaneat
686 2547 937 2642 imperpetuum.
974 2545 1093 2640 scripta
1124 2569 1184 2640 per
1213 2569 1329 2621 manus
1355 2548 1489 2620 iohanni
1519 2550 1651 2622 curialis

222 2671 365 2745 scribere
387 2671 504 2766 rogavi
526 2693 586 2768 per
609 2669 786 2744 indictione
809 2669 975 2741 nominata
999 2664 1162 2762 quarta†

320 2798 393 2868 Hoc
416 2797 545 2890 signum
560 2793 720 2892 †manus
742 2795 901 2868 nominati
925 2792 1074 2865 iohannis
1097 2789 1248 2864 monachi
1271 2793 1447 2864 amalfitani
1473 2797 1562 2890 quod
1587 2820 1649 2891 ego

221 2924 283 3018 qui
307 2923 491 3000 nominatos
513 2946 576 3020 pro
600 2945 676 2996 eum
700 2918 921 3016 subscripsi†

328 3047 354 3130 †
372 3051 447 3112 nro
467 3051 728 3112 asnmmnom
745 3041 1041 3124 mornnnonc†

325 3166 351 3248 †
370 3171 443 3230 nro
462 3171 603 3230 roenna
618 3171 768 3230 amore
784 3143 837 3228 ΚΝ
853 3171 1013 3228 cnsomu
1028 3170 1219 3230 νοητοῖς
1236 3173 1261 3228 a
1281 3145 1373 3228 odio
1393 3143 1639 3230 murannffo'a

221 3292 301 3350 nne
314 3292 598 3352 ancoaomoun
611 3265 701 3353 effi
712 3291 906 3350 neormam
920 3291 1032 3348 nuens
1049 3267 1143 3349 c'd'r's
1163 3289 1188 3370 †

327 3410 448 3491 †nro
476 3415 704 3476 ononoronc
726 3413 876 3474 omorc
900 3389 953 3474 o‘n
983 3417 1099 3474 nsum
1118 3417 1311 3477 sorssors
1343 3419 1367 3474 s
1389 3395 1487 3480 dc'r'd
1503 3421 1645 3478 roenna

221 3509 701 3600 ish'rinmnooonormonn
719 3517 802 3596 ’ἁῖη
821 3538 1003 3596 moramur
1023 3541 1131 3596 rnen
1150 3513 1290 3613 co‘a‘rs†

319 3645 351 3740 †
374 3670 436 3742 ego
459 3649 631 3743 gregorius
654 3647 741 3721 tilius
757 3647 881 3720 domini
905 3649 1053 3721 iohannis
1077 3659 1211 3742 rogatus
1227 3671 1245 3716 a
1261 3646 1485 3741 ¹suprascripto
1500 3645 1642 3716 iohanne

222 3771 386 3846 monacho
408 3797 468 3869 per
491 3773 693 3848 absolutione
716 3774 927 3868 suprascripti
950 3775 1095 3869 igumeni
1121 3774 1195 3847 testi
1219 3770 1440 3867 subscripsi†

321 3896 448 3994 †Ego
472 3897 628 3969 iohannes
652 3894 783 3968 curialis
806 3897 865 3994 qui
896 3898 1079 3969 nominatos
1112 3909 1186 3993 post
1217 3895 1488 3994 subscriptionem
1514 3899 1646 3970 testium

220 4019 385 4115 complevi
408 4031 442 4094 et
464 4019 590 4092 absolvi
615 4019 668 4094 dio
691 4029 724 4094 et
746 4019 924 4095 indictione
947 4021 1113 4094 nominata
1136 4031 1253 4118 quarta
