4616 6532
1324 590 1443 686 (Μ)

668 753 720 822 rel
745 751 917 823 heredibus
939 753 1019 822 meis
1042 757 1153 820 contra
1178 771 1237 819 anc
1272 749 1452 820 chartulam
1486 747 1663 818 modona
1702 753 1751 816 ut*
1767 769 1863 840 super
1884 745 2006 840 legitur
2027 771 2093 818 ve-

666 877 736 946 nire
759 875 1048 968 presumpserimus
1072 884 1105 946 ct
1127 875 1261 946 minime
1285 873 1556 968 adinpleverimus
1579 871 1728 942 omnihus
1751 873 1937 943 memoratis
1973 880 2029 940 ant
2056 873 2092 942 in

665 1003 788 1096 aliquid
811 1003 924 1072 eliensi
946 1001 1103 1073 fuerimus
1136 1025 1194 1096 per
1223 1000 1340 1096 quobis
1374 1003 1509 1072 modum
1543 1009 1600 1072 aut
1634 999 1810 1071 summissis
1833 998 1978 1093 personis
2013 1007 2091 1068 tnnc

666 1127 890 1220 componimus
913 1128 1007 1198 vobis
1030 1127 1210 1220 vestrisque
1232 1135 1374 1219 postcras
1397 1135 1430 1196 et
1456 1125 1491 1194 in
1513 1133 1694 1196 memorato
1717 1132 1826 1194 sancto
1855 1131 1887 1194 et
1917 1121 2093 1192 venerabili

663 1265 772 1326 vestro
788 1257 983 1328 monasterio
999 1265 1185 1348 vestrasque
1209 1255 1458 1347 congregatione
1480 1253 1711 1324 monacharum
1727 1249 1927 1346 presentibus
1951 1259 1985 1320 et
2003 1251 2093 1320 lutu-

668 1403 720 1448 ras
744 1381 816 1449 auri
839 1380 957 1450 solidos
980 1380 1151 1449 duodecim
1174 1379 1353 1471 bytianteos
1376 1387 1409 1448 et
1438 1377 1500 1448 hee
1531 1378 1676 1448 chartula
1708 1389 1746 1448 ut
1780 1401 1877 1470 super
1910 1376 2029 1468 legitur
2052 1375 2094 1444 sit

664 1505 757 1574 tirma
781 1504 898 1596 scripta
921 1527 980 1596 per
1002 1525 1117 1572 manus
1140 1502 1284 1594 gregorii
1307 1501 1437 1572 curialis
1459 1525 1518 1594 per
1540 1511 1718 1574 memorata
1744 1502 1933 1572 indictione.

761 1632 833 1699 Hoc
857 1629 987 1721 signum
1011 1649 1126 1697 manus
1148 1626 1320 1697 memorati
1353 1625 1501 1696 iohannis
1538 1648 1601 1717 ego
1634 1625 1692 1718 qui
1726 1635 1921 1695 memoratos
1945 1623 1985 1692 ah
2017 1643 2094 1694 eum

662 1766 795 1850 rogatus
819 1755 867 1849 (6)
892 1777 952 1847 pro
976 1778 1053 1823 eum
1076 1753 1248 1846 subscripsi
1272 1753 1303 1846 †

755 1880 881 1974 †Ego
898 1883 965 1952 Leo
990 1881 1076 1951 filius
1100 1881 1225 1952 domini
1249 1881 1393 1976 gregorii
1416 1891 1548 1976 rogatus
1572 1905 1591 1950 a
1614 1879 1830 1974 suprascripto
1854 1879 1993 1950 iohanne
2018 1880 2091 1950 testi

662 1999 889 2097 subscripsi†

756 2125 787 2219 †
810 2129 881 2220 Ego
905 2129 1028 2221 sergius
1052 2127 1137 2196 filius
1168 2127 1293 2199 domini
1316 2129 1465 2200 iohannis
1496 2139 1628 2223 rogatus
1664 2155 1683 2198 a
1711 2131 1929 2224 suprascripto
1953 2131 2092 2202 iohanne

663 2254 736 2324 testi
760 2253 987 2347 subscripsi†

762 2377 887 2471 †Ego
911 2379 1067 2451 lohannes
1102 2383 1187 2453 filius
1221 2385 1345 2455 domini
1376 2385 1462 2466 leoni
1496 2394 1628 2476 rogatus
1660 2409 1679 2451 a
1712 2382 1928 2474 suprascripto
1953 2381 2092 2453 iohanne

664 2504 738 2574 testi
762 2503 935 2597 subscripsi
953 2505 1001 2600 (7)

741 2941 786 3022 (6)
797 2941 915 3002 Notarii
925 2942 1050 3022 sequiori
1061 2963 1135 3002 aevo
1145 2962 1207 3002 sese
1218 2953 1339 3018 rogatos
1347 2940 1450 3002 dicere
1465 2959 1693 3006 consueverunt
1703 2989 1712 3020 ,
1725 2965 1760 3004 eo
1771 2944 1856 3025 quod
1870 2965 1961 3005 neruo
1972 2967 2090 3022 eorum,

664 3052 708 3111 nti
725 3051 777 3112 vel
802 3052 885 3134 apud
904 3072 1040 3112 nonnanes
1058 3052 1133 3113 olim
1154 3053 1260 3131 (Lag.
1278 3053 1311 3111 0.
1333 3069 1376 3130 17.
1399 3051 1436 3111 de
1456 3051 1540 3112 Fide
1559 3055 1744 3136 Instram.)
1766 3071 1890 3117 cautum
1909 3055 2024 3130 fuerat,
2039 3059 2092 3114 in-

661 3179 826 3225 strumenta
847 3165 1126 3243 condempnant,
1141 3166 1199 3225 uisi
1215 3165 1427 3228 contrahentes
1443 3188 1513 3227 eum
1528 3180 1691 3246 rogassent.
1706 3169 1788 3231 Hinc
1803 3170 1884 3230 nibil
1897 3169 2094 3251 frequentius

660 3279 757 3339 verbo
782 3297 894 3354 rogare
920 3279 1054 3339 occurrit
1076 3281 1110 3338 in
1138 3277 1327 3339 documentis
1351 3291 1419 3336 tum
1445 3282 1575 3340 vetustis
1590 3323 1599 3352 ,
1626 3295 1695 3340 turn
1720 3285 1951 3344 recentioribus.
1982 3285 2088 3365 Ipsum

661 3412 737 3452 vcro
756 3392 896 3453 italicum
916 3394 1014 3453 evasit
1026 3439 1036 3468 ,
1059 3405 1089 3452 et
1110 3388 1281 3450 hodiedum
1301 3389 1424 3470 vulgo,
1447 3390 1497 3452 sed
1519 3411 1677 3471 perperam
1697 3407 1868 3474 usurpatur.
1889 3395 1982 3454 Nunc
2003 3399 2089 3482 enim

665 3505 778 3566 dicitur
796 3505 924 3567 tabellio
944 3525 1055 3584 rogare
1074 3508 1329 3578 instrumentum,
1346 3523 1382 3563 ea
1395 3499 1520 3583 quidem
1534 3504 1665 3578 notione,
1680 3520 1716 3565 ut
1729 3503 1884 3585 significari
1897 3504 1975 3565 velit
1988 3509 2092 3587 ipsum

661 3638 771 3698 rogare
784 3620 1018 3695 contrahentes,
1035 3639 1096 3678 nou
1110 3619 1323 3678 contrahentes
1343 3635 1453 3692 rogaro
1472 3637 1562 3692 eum,
1580 3638 1650 3678 cum
1671 3619 1732 3680 hoc
1752 3617 1850 3679 altero
1864 3633 1987 3679 tantuna
2001 3640 2088 3681 sensu

662 3750 724 3790 vox
736 3729 843 3793 cadem
864 3731 897 3791 in
918 3728 1072 3791 veteribus
1084 3727 1292 3789 instrumentis
1308 3725 1446 3788 adbibita
1460 3725 1558 3786 luerit.
1571 3727 1653 3788 Hinc
1667 3727 1700 3786 C.
1717 3727 1866 3787 Marinius
1880 3727 1893 3809 (
1907 3731 2089 3808 Paprt.

656 3859 690 3918 p.
705 3841 774 3920 296
779 3843 791 3922 )
810 3841 877 3901 iure
908 3843 1025 3921 optimo
1045 3839 1201 3902 Maffeinm
1222 3839 1343 3919 carpit,
1376 3837 1462 3920 quod
1493 3835 1684 3898 vocabulum
1717 3837 1894 3914 rogatorias
1920 3856 1983 3897 non
2004 3851 2090 3898 recte

662 3949 787 4031 quidem
807 3954 1026 4033 interpretatus
1046 3950 1121 4028 fuit,
1144 3971 1214 4013 curn
1234 3971 1270 4011 eo
1292 3951 1417 4010 nomine
1437 3945 1622 4009 tabelliones
1643 3947 1773 4009 donatos
1794 3945 1883 4008 fuisse
1904 3947 2088 4026 tradiderit,

661 4065 736 4142 quia
755 4063 794 4122 ab
814 4065 884 4142 ipsis
905 4063 1171 4143 interrogabantur
1192 4086 1245 4125 sua
1265 4063 1303 4124 de
1324 4063 1488 4124 voluntate
1509 4063 1733 4122 contrahentes.
1748 4058 1861 4123 Contra
1881 4081 1958 4123 vero
1972 4063 2091 4123 Rolan-

663 4173 773 4232 dinum
794 4171 967 4250 collaudat,
991 4176 1046 4255 qui
1067 4175 1169 4255 (Art.
1182 4177 1260 4236 Not.
1274 4193 1301 4232 c.
1312 4176 1359 4234 X.
1370 4193 1403 4252 p.
1414 4171 1463 4253 4)
1484 4172 1527 4232 ait
1546 4171 1758 4232 instrumento
1778 4179 1964 4249 raancapotrr
1979 4169 2090 4246 faisse

662 4281 822 4360 rogationes
842 4301 877 4342 eo
887 4323 899 4352 ,
929 4283 1018 4363 qaod
1044 4282 1119 4343 illua
1139 4296 1257 4364 rogatur
1279 4279 1403 4342 tabellio
1424 4279 1580 4361 scribare,
1611 4292 1642 4340 et
1670 4301 1710 4341 ea
1740 4280 1805 4342 itta
1835 4295 1955 4363 rogatur
1976 4281 2091 4356 sacam

664 4398 919 4457 castrametatum.

744 4509 791 4594 (7)
811 4512 897 4588 Quae
917 4513 950 4570 in
970 4506 1180 4592 neapolitanae
1200 4508 1293 4569 huius
1314 4509 1504 4570 membranae
1524 4507 1608 4568 calce
1626 4523 1729 4569 extant
1747 4509 2007 4589 subscriptiones,
2042 4529 2092 4568 ro-

663 4643 786 4684 manum
815 4625 878 4685 sive
906 4622 1038 4686 latinum
1059 4622 1268 4703 praeseferunt
1293 4621 1518 4699 characterem,
1549 4641 1611 4702 quo
1641 4621 1694 4682 vel
1713 4619 1986 4701 Langobardorum
2016 4639 2093 4680 aevo

658 4733 757 4816 vulgo
779 4748 923 4796 nostrates
942 4733 1072 4796 scrihere
1092 4731 1170 4794 soliti
1190 4729 1317 4793 suerunt.
1333 4731 1411 4791 Cum
1432 4751 1506 4794 vero
1526 4730 1681 4791 character
1703 4729 1735 4788 id
1755 4750 1854 4809 genus
1874 4728 1986 4790 iisdem
2004 4751 2093 4812 pror-

662 4867 712 4907 sus
732 4861 848 4910 constet
868 4849 1047 4920 elementis,
1080 4851 1211 4930 quaein
1241 4847 1414 4907 charactere
1444 4863 1609 4926 perperam
1632 4859 1808 4924 nuncupato
1828 4840 2019 4922 magobardus
2038 4839 2094 4900 de-

661 4959 897 5042 prehenduntur
908 5006 918 5037 ,
943 4963 1030 5022 nobis
1051 4983 1088 5024 ue
1108 4961 1239 5021 nominis
1259 4957 1388 5040 quidem
1410 4957 1574 5018 discrimen
1596 4959 1674 5016 inter
1696 4971 1859 5038 utrumque
1890 4953 2089 5018 statuendum
