4616 6532
1605 681 1689 748 xm

374 819 579 910 Omnium
608 847 708 908 vero
737 837 941 927 aetatum,
964 821 1018 908 de
1038 821 1191 936 quibus
1210 851 1445 912 sermonem
1474 826 1687 913 instituere

262 979 391 1077 queat
416 961 601 1070 historia,
624 964 741 1050 nulla
769 964 944 1077 quidem
971 983 1138 1052 tantum
1165 967 1247 1052 Rei
1267 968 1572 1080 Diplomaticae
1591 969 1688 1054 sub-

263 1106 368 1192 sidio
395 1103 592 1212 ftdcitur,
624 1124 831 1222 quantum
860 1137 942 1213 ea,
978 1137 1087 1222 quae
1130 1111 1254 1220 vulgo
1298 1139 1454 1198 aevum
1497 1111 1689 1198 medium

265 1245 498 1360 appellitari
524 1247 641 1332 solet.
671 1249 784 1334 Cum
812 1248 927 1332 enim
952 1250 1158 1334 memoria
1185 1279 1329 1336 rerum
1355 1268 1600 1366 gestarum,
1641 1281 1689 1335 ac

264 1416 435 1474 morum
462 1386 518 1473 ad
545 1386 788 1472 huiusmodi
807 1405 987 1476 aetatem
1005 1393 1282 1503 spectantium
1296 1422 1381 1478 non
1400 1391 1691 1492 aliunde-hau-

266 1530 341 1614 riri
381 1529 544 1642 possit,
590 1557 720 1642 quam
759 1559 808 1616 ex
840 1531 1107 1644 diplomatis,
1136 1535 1419 1620 instrumentis
1445 1536 1619 1651 aliisque
1648 1537 1693 1624 id

262 1707 390 1787 genus
417 1679 738 1782 monumentis,
788 1707 897 1794 quae
936 1708 1012 1792 per
1039 1678 1234 1765 inferiora
1262 1709 1312 1765 ea
1355 1699 1545 1794 tempora
1591 1709 1691 1768 oon-

262 1825 416 1939 scripta
442 1823 628 1930 luerunt,
659 1827 799 1937 ecquis
826 1854 912 1908 non
940 1822 1056 1910 videt
1083 1843 1293 1936 quantum
1312 1821 1562 1907 eorumdem
1580 1841 1690 1906 tem·

263 1997 419 2080 porum
444 1967 640 2052 historiae
667 1969 795 2079 prosit
813 1968 894 2050 Ars
921 1967 1008 2068 illa,
1038 1969 1157 2050 cuius
1186 1994 1263 2076 ope
1289 1965 1512 2050 internosci
1540 1984 1688 2078 potest,

263 2113 527 2219 genuinane,
556 2137 612 2192 an
639 2109 784 2220 spuria
812 2105 1036 2190 iudicanda
1063 2107 1144 2192 sint
1185 2105 1335 2192 eedem
1374 2105 1689 2192 monumenta?

263 2253 353 2342 Nec
382 2277 510 2366 porro
538 2252 764 2365 quisquam
791 2250 883 2334 iure
902 2249 1020 2336 nobis
1039 2249 1218 2356 obiiciat,
1239 2249 1451 2334 barbarici
1470 2249 1579 2336 illius
1592 2253 1689 2336 aevi

262 2393 482 2482 historiam
509 2423 593 2478 non
621 2395 724 2477 tanti
751 2389 987 2478 ducendam
1014 2419 1113 2498 esse,
1144 2410 1193 2478 ut
1212 2390 1256 2476 in
1275 2388 1421 2477 cadem
1439 2389 1687 2478 illustranda

262 2537 497 2652 plurimam
525 2535 803 2644 sedulitatem,
834 2567 882 2623 ac
902 2566 1076 2652 operam
1091 2535 1334 2653 impendere
1354 2562 1514 2624 necesse
1532 2533 1687 2620 habea-

263 2708 374 2766 mus.
402 2681 517 2768 Nam
545 2681 579 2764 si
607 2680 700 2792 quis
727 2678 897 2767 fortasse
926 2683 984 2768 ita
1011 2682 1175 2787 sentiat,
1207 2685 1399 2768 animum
1428 2708 1567 2768 errore
1588 2707 1686 2792 per-

261 2855 392 2940 quam
420 2827 540 2936 gravi
569 2825 814 2912 obstrictum
842 2855 981 2936 gerere
1009 2827 1151 2939 palam
1180 2827 1293 2914 lacit.
1324 2829 1381 2918 Et
1409 2829 1613 2941 quoniam
1632 2823 1688 2910 de

262 2968 506 3056 huiusmodi
526 2969 699 3055 saeculis
713 2969 863 3054 iniecta
881 2968 976 3054 heic
996 2988 1056 3057 est
1076 2972 1249 3076 mentio,
1265 2972 1435 3058 lectores
1446 2972 1563 3058 nobis
1573 2971 1689 3081 igno-

261 3129 379 3194 scant
398 3128 583 3222 oportet,
613 3111 647 3192 si
674 3137 903 3222 parumper
931 3139 955 3192 e
982 3131 1095 3197 recto
1122 3131 1286 3196 nostrae
1304 3113 1499 3198 orationis
1518 3115 1687 3198 tramite

262 3251 469 3338 discedere
496 3250 733 3358 videamur,
763 3271 811 3336 ut
839 3251 1048 3366 quaedam
1077 3254 1303 3344 afferamus
1329 3285 1413 3342 non
1431 3285 1598 3370 prorsus
1617 3257 1688 3342 ab·

262 3420 361 3480 sona
375 3392 438 3498 iis,
458 3387 516 3474 ad
542 3416 652 3502 quae
671 3386 770 3473 dein
798 3387 1056 3476 edisserenda
1083 3391 1261 3502 gradum
1280 3393 1492 3482 faciemus.
1516 3395 1571 3480 Et
1590 3422 1689 3479 sane

261 3537 314 3622 de
334 3533 472 3624 medio
491 3533 570 3620 hoc
590 3564 693 3622 aevo
715 3533 964 3648 scriptorum
983 3537 1212 3624 sententiae
1231 3536 1441 3627 frontibus
1457 3537 1590 3626 veluti
1610 3567 1688 3652 op·

260 3684 402 3795 positis
421 3710 565 3768 secum
583 3695 783 3790 pugnant,
813 3707 913 3763 cum
932 3677 1004 3764 alii
1018 3675 1158 3764 effusis
1183 3679 1409 3785 laudibus,
1439 3682 1512 3768 alii
1539 3701 1687 3770 contra

260 3827 451 3940 qualibet
469 3823 768 3910 obtrectatione
796 3823 937 3931 ipsum
955 3839 1275 3935 prosequantur.
1297 3822 1552 3908 Animorum
1571 3825 1687 3909 enim

263 3967 601 4080 magnitudinem
621 3992 670 4048 ac
685 3961 962 4066 nobilitatem,
977 3966 1138 4048 artium
1158 3964 1372 4048 culturam
1387 3963 1442 4052 ad
1456 3983 1616 4054 rectum
1637 3998 1685 4053 ac

261 4109 490 4224 pulchrum
518 4135 652 4220 quam
680 4105 869 4192 maxime
896 4102 1191 4210 accedentem,
1231 4107 1401 4194 virtutis
1438 4107 1685 4198 christianae

262 4253 353 4342 vim
381 4249 617 4362 complures
644 4250 699 4334 ob
726 4277 871 4335 causas
897 4247 1017 4360 longe
1046 4277 1094 4332 ac
1126 4247 1210 4334 late
1245 4267 1457 4336 exsertam
1495 4281 1544 4336 ao
1586 4283 1685 4364 pro—

261 4415 458 4512 pagatam
473 4455 487 4500 ,
519 4412 560 4480 et
587 4391 834 4498 vinculum,
865 4421 953 4506 quo
980 4409 1124 4478 coetus
1143 4391 1371 4478 hominum
1399 4397 1553 4482 arctius
1572 4397 1684 4484 inter

260 4571 304 4626 sc
331 4539 589 4644 coaluerunt,
612 4540 772 4650 priores
798 4534 974 4650 quidem
1002 4536 1109 4622 inibi
1128 4533 1404 4624 demirantur.
1429 4537 1562 4628 Alteri
1584 4567 1684 4628 vero

261 4707 503 4801 temporum
530 4713 678 4771 eorum
707 4682 1040 4787 immanitatem,
1071 4683 1237 4799 iniquas
1264 4681 1491 4771 hominum
1538 4684 1685 4770 condi-

262 4828 427 4932 tiones,
457 4825 668 4911 teterrima
697 4821 931 4936 religionis,
976 4821 1115 4934 legum
1157 4853 1207 4909 ac
1248 4824 1502 4912 iudiciorum
1543 4827 1683 4934 vitia,

263 5001 400 5060 mores
427 5000 595 5060 summa
621 4967 886 5086 turpitudine
913 4965 1122 5076 foedatos,
1153 4971 1350 5084 rapinas,
1381 4967 1524 5058 caedes
1556 4999 1604 5056 ac
1623 4973 1685 5058 in·
