4658 6508
1344 583 1462 676 (ω)

699 749 738 816 dc
763 749 802 817 de
827 747 916 838 quod
940 745 1087 838 superius
1111 745 1202 814 tobis
1225 745 1401 816 offeramus
1426 745 1568 816 babeatis
1595 745 1712 816 exinde
1738 768 1945 840 quacumque
1976 751 2129 842 requesi-

698 873 819 942 tionem
835 897 893 965 per
910 872 1035 939 nullum
1059 871 1214 938 modum:
1234 870 1268 939 in
1284 881 1496 963 perpetuum:
1516 881 1740 940 verumtamen
1767 873 1794 941 si
1815 885 1994 942 memorata
2010 876 2126 944 natalia

699 1025 784 1068 uxor
807 1023 878 1069 mea
907 1010 979 1070 ante
1002 1023 1055 1070 me
1078 1011 1259 1071 memorato
1276 1023 1352 1068 urso
1369 1011 1497 1069 mortua
1513 999 1610 1068 fuerit
1627 1025 1645 1068 a
1660 1008 1737 1068 tunc
1763 999 1873 1068 omnia
1893 999 2025 1070 movilia
2055 1025 2126 1073 mea

699 1139 729 1197 et
753 1138 931 1198 memorate
953 1127 1071 1198 natalie
1095 1128 1243 1219 coniugis
1267 1150 1339 1198 mec
1363 1128 1397 1198 in
1421 1139 1526 1198 vestra
1551 1127 1752 1220 posterisque
1775 1128 1891 1198 vestris
1914 1127 2041 1198 ebcniat
2061 1154 2127 1222 po-

698 1265 808 1325 testate
833 1277 893 1346 pro
917 1253 1085 1324 animabus
1099 1252 1240 1322 nostris:
1267 1265 1299 1322 et
1324 1261 1358 1321 tu
1388 1275 1440 1322 me
1463 1253 1626 1345 suscipere
1650 1253 1765 1322 debeas
1780 1251 1814 1322 in
1830 1261 1888 1323 tuo
1903 1255 2122 1325 monasterio:

697 1384 748 1452 tel
772 1383 907 1475 posteris
929 1380 1066 1452 restris:
1090 1381 1171 1450 etsi
1196 1402 1257 1470 ego
1277 1390 1475 1450 memoratus
1498 1402 1593 1448 ursus
1621 1388 1693 1448 ante
1720 1389 1898 1449 memorata
1924 1402 2030 1450 uxore
2054 1403 2125 1452 mea

698 1521 847 1577 mortuus
871 1511 963 1578 fuero
987 1532 1005 1576 a
1029 1517 1107 1576 tunc
1130 1529 1189 1575 tos
1214 1509 1267 1576 rel
1292 1506 1429 1598 posteris
1456 1506 1570 1575 restris
1591 1505 1735 1578 dividere
1757 1507 1898 1578 debeatis
1918 1507 2028 1576 omnia
2050 1531 2124 1577 cum

697 1643 872 1702 memorata
895 1653 1032 1700 uxorem
1053 1651 1184 1700 meam:
1211 1631 1332 1723 etipsa
1363 1631 1567 1700 medietatem
1592 1652 1697 1701 meam
1725 1631 1852 1700 ebeniat
1878 1630 1913 1699 iu
1928 1641 2035 1700 restra
2060 1657 2125 1725 po-

698 1771 808 1827 testate
837 1758 1039 1850 posterisque
1066 1757 1192 1827 restris.
1219 1768 1251 1828 ct
1274 1757 1335 1826 alia
1361 1757 1515 1826 medietas
1531 1756 1591 1826 siat
1614 1758 1655 1827 de
1670 1768 1848 1828 memorata
1864 1781 2002 1828 uxorem
2018 1783 2124 1832 mcum

695 1886 792 1954 totius
814 1885 880 1955 vite
902 1909 983 1954 sue:
1007 1895 1132 1978 etpost
1153 1885 1222 1956 eius
1250 1885 1377 1954 oritum
1403 1885 1436 1954 in
1454 1899 1559 1956 vestra
1574 1886 1775 1980 posterisque
1791 1885 1906 1956 vestris
1921 1887 2124 1960 robertautur

693 2022 907 2102 potestatem:
937 2021 974 2080 ut
1002 2009 1111 2080 omnia
1138 2009 1231 2079 nobis
1260 2010 1428 2080 ambarum
1452 2010 1594 2101 partium
1619 2034 1703 2080 vone
1720 2011 1894 2080 voluntatis
1909 2011 2120 2105 complacuit:

693 2141 781 2230 quod
808 2139 834 2207 si
865 2139 957 2208 aliter
981 2139 1153 2208 fecerimus
1169 2141 1208 2208 de
1231 2137 1342 2208 omnia
1363 2147 1540 2206 memorata
1558 2147 1591 2206 et
1611 2137 1745 2208 minime
1762 2137 2047 2230 adimpleverimus
2067 2163 2122 2231 per

692 2266 810 2357 quotis
829 2268 963 2334 modum
992 2277 1048 2334 aut
1075 2265 1246 2334 sumissam
1268 2288 1403 2356 persona
1421 2275 1497 2334 tunc
1518 2265 1732 2356 conponimus
1753 2289 1812 2335 nos
1832 2266 1889 2358 qui
1906 2289 2003 2358 supra
2031 2290 2122 2338 ursus

694 2402 725 2458 et
747 2390 861 2458 natalia
890 2391 1024 2480 iugales.
1055 2389 1148 2458 tobis
1175 2354 1233 2481 qui
1261 2411 1358 2481 supra
1383 2389 1515 2458 domino
1544 2388 1714 2461 benedicto
1742 2388 1897 2481 igumeno
1922 2391 2121 2484 posterisque

692 2515 807 2583 restris
831 2537 934 2606 poene
963 2513 1093 2584 nomine
1121 2513 1193 2582 auri
1220 2513 1338 2586 solidos
1360 2512 1476 2603 viginti
1499 2513 1680 2606 bytianteos
1705 2524 1738 2582 et
1757 2513 1818 2584 hec
1845 2516 1973 2586 offertio
1994 2529 2031 2585 ut
2059 2542 2121 2588 su-

691 2667 750 2736 per
783 2645 902 2736 legitur
932 2645 973 2712 sit
1001 2644 1152 2712 firmamt
1188 2641 1305 2733 scripta
1332 2663 1391 2732 per
1411 2662 1545 2708 manum
1577 2639 1703 2708 leonem
1730 2637 1862 2707 curialis
1887 2639 2027 2710 scribere
2058 2665 2120 2710 ro-

694 2783 787 2862 gatus
810 2795 867 2862 per
883 2781 1061 2840 memorata
1085 2778 1199 2864 quarta
1225 2767 1447 2837 indictionem.

787 2900 851 2968 hoc
871 2899 1000 2989 signum
1016 2920 1130 2968 manus
1151 2893 1323 2966 memorati
1339 2894 1407 2966 ursi
1422 2903 1454 2962 et
1469 2893 1586 2962 natadia
1601 2891 1724 2986 iugales
1740 2892 1799 2986 qui
1814 2893 1924 2962 omnia
1939 2903 2116 2964 memorata

691 3024 931 3094 consentierunt
948 3023 1037 3115 quod
1052 3043 1114 3112 ego
1138 3019 1197 3113 qui
1213 3029 1409 3088 memoratos
1424 3015 1488 3085 bah
1505 3017 1551 3088 eis
1567 3029 1699 3108 rogatus
1714 3039 1775 3108 pro
1792 3015 1838 3087 eis
1854 3015 2027 3109 subscripsi

784 3149 815 3242 †
831 3153 903 3239 Ego
921 3148 1064 3240 dapulus
1081 3145 1166 3216 filius
1182 3145 1307 3216 domiui
1323 3143 1471 3216 iohannis
1486 3155 1619 3237 rogatus
1635 3169 1653 3212 a
1670 3143 1903 3236 suprascriptos
1920 3143 2042 3236 iugales
2058 3155 2113 3215 te-

690 3277 730 3344 sti
760 3275 932 3366 subscripsi

784 3403 814 3494 †
836 3405 907 3494 Ego
932 3403 984 3472 leo
1009 3401 1093 3473 filius
1117 3399 1240 3470 domini
1264 3398 1413 3468 iohannis
1436 3409 1569 3490 rogatus
1594 3421 1611 3464 a
1633 3401 1866 3493 suprascriptos
1890 3399 2014 3495 iugades
2039 3399 2112 3470 testi

686 3534 862 3626 subscripsi

778 3657 910 3750 †ero
923 3666 1128 3731 cnrrrorc
1144 3629 1393 3727 onorem
1407 3661 1539 3726 neom
1555 3659 1779 3727 conarere
1793 3663 1819 3722 a
1835 3632 1966 3724 ωῖῑόἓ
1988 3659 2111 3721 irru-

683 3785 767 3856 nec
797 3791 920 3855 Tuom
951 3759 1074 3870 cub]

774 3907 804 3999 †
827 3907 899 3997 Ego
916 3906 984 3977 Leo
1000 3905 1129 3976 curialis
1145 3904 1203 3998 qui
1218 3912 1414 3976 memoratos
1429 3912 1502 3998 post
1517 3902 1784 3996 subscriptionem
1802 3900 1932 3970 testium
1948 3899 2107 3992 compleri

679 4047 709 4106 et
735 4037 856 4108 absolvi
871 4039 922 4108 die
938 4047 969 4106 et
986 4039 1158 4114 indictione
1174 4049 1351 4108 memorata
1367 4047 1493 4130 quarte.
