4692 6512
1325 625 1337 724 (
1365 627 1467 724 ras)

674 803 759 863 terra
774 788 919 886 qualivet
941 786 1197 895 dominationem
1220 782 1410 855 habuisset:
1440 783 1527 855 unde
1549 781 1686 853 multam
1710 781 1953 856 altercationem
1976 789 2096 860 exinde

674 919 857 990 habuimus.
877 939 952 989 ecce
968 937 1028 1010 per
1042 914 1201 987 iudicium
1224 913 1406 985 affirmastis
1422 910 1505 982 mibi
1528 935 1586 1006 per
1606 921 1848 1006 sagramentum
1863 913 1954 1008 quod
1977 915 2012 984 in
2028 916 2097 1008 ipsa

666 1169 870 1241 potestatem,
903 1159 942 1220 de
966 1160 1094 1238 publico
1119 1175 1149 1221 et
1174 1170 1301 1240 partem
1327 1157 1497 1240 publicum
1524 1155 1556 1214 in
1580 1153 1788 1238 compluribus
1815 1153 1994 1216 inferiorum
2023 1169 2102 1216 mm-

670 1288 778 1350 porum
808 1271 1009 1332 monumentis
1036 1271 1172 1353 usurpari
1203 1270 1393 1332 consuevisse
1419 1288 1475 1352 pro
1502 1267 1687 1347 Principe,
1717 1266 1821 1346 Regio
1850 1267 1945 1330 Fisco
1976 1281 2006 1328 et
2032 1271 2103 1328 Re-

667 1379 820 1459 publica,
839 1381 1104 1465 quemadmodum
1123 1382 1188 1445 susc
1213 1380 1347 1443 ostendit
1367 1381 1550 1444 Muratom'us
1571 1377 1644 1461 (A.
1667 1382 1718 1440 M.
1742 1381 1824 1442 ΑΕ.
1845 1389 1869 1440 t.
1894 1382 1926 1440 I.
1948 1378 2100 1442 mmet.

672 1498 812 1559 XVIII.
830 1495 851 1580 ).
882 1495 998 1558 Idcirco
1027 1512 1129 1560 nostro
1149 1498 1210 1560 boc
1231 1497 1263 1558 in
1291 1495 1476 1559 documento
1496 1497 1608 1577 priores
1627 1493 1701 1556 duas
1729 1493 1899 1556 locutiones
1927 1514 2102 1576 supremum

671 1605 815 1688 Neapolis
835 1609 1063 1689 magistratum,
1085 1627 1193 1689 nempe
1213 1609 1331 1669 Ducem
1351 1607 1492 1671 denotare
1514 1607 1729 1668 existimamus.
1757 1605 1957 1686 Compertum
1977 1604 2102 1687 quidem

672 1715 760 1776 nohis
780 1730 822 1778 est
842 1717 1002 1798 publicum
1023 1719 1208 1800 quoddam,
1240 1719 1307 1780 sive
1327 1719 1444 1781 civium
1473 1717 1716 1780 Universitatem
1744 1713 1874 1796 Neapoli
1893 1733 1949 1796 per
1967 1718 2103 1796 sequiora

669 1839 804 1910 tempora
823 1830 962 1890 extitisse.
982 1829 1059 1890 Nam
1079 1829 1200 1893 tametsi
1222 1828 1387 1891 admodum
1407 1831 1484 1892 inter
1503 1825 1638 1891 eruditos
1660 1827 1850 1911 disputatum
1865 1825 1977 1904 suerit,
1997 1839 2103 1888 utrum

669 1952 736 2018 post
754 1941 1023 2022 Langobardorum
1041 1943 1212 2009 adventum
1241 1941 1344 2005 adhue
1365 1942 1565 2024 perdurarint
1584 1941 1666 2026 apud
1695 1941 1784 2004 nrbes
1804 1940 1921 2004 italicas
1944 1940 2104 2003 Universi-

671 2064 744 2114 tates
765 2053 860 2126 illac,
885 2075 963 2128 quae
983 2060 1039 2119 sub
1060 2059 1266 2118 Romanorum
1286 2059 1517 2128 Gothorumque
1537 2056 1700 2118 dominatu
1725 2055 1889 2116 extiterunt
1900 2097 1911 2126 ,
1944 2065 2046 2114 tamen
2065 2052 2103 2112 dc

669 2160 842 2242 quaestione
863 2161 922 2222 hae
943 2161 1123 2222 inlaudata
1154 2160 1361 2222 dissertatione
1381 2160 1566 2224 Muratorius
1597 2162 1638 2222 ita
1669 2160 1794 2243 quidem
1815 2161 1941 2224 locutus
1969 2177 2036 2238 est,
2069 2181 2104 2226 ut

668 2271 807 2352 quamvis
826 2269 880 2330 sibi
901 2291 963 2330 non
984 2271 1181 2332 occurrissent
1199 2270 1375 2332 huiusmodi
1402 2284 1621 2346 monumenta,
1653 2272 1766 2352 quibus
1790 2293 1826 2336 ca
1846 2271 1952 2336 dirimi
1981 2275 2102 2336 omnino

670 2396 789 2462 posset,
809 2383 948 2463 opinatus
968 2395 1070 2442 tamen
1090 2397 1134 2443 est
1155 2382 1208 2444 vel
1228 2381 1494 2463 Langobardorum
1514 2402 1590 2444 aevo
1619 2382 1746 2446 urbibus
1766 2383 1874 2445 italicis
1894 2384 1985 2446 luisse
2005 2387 2103 2469 quod·

671 2493 742 2556 dam
761 2509 900 2559 veterum
920 2496 1166 2558 Universitatum
1186 2499 1355 2578 specimen,
1375 2517 1410 2557 ac
1429 2499 1560 2558 maxime
1579 2497 1718 2559 omnium
1742 2495 1837 2574 illis,
1866 2519 1946 2580 quae
1965 2501 2101 2582 lmpera-

670 2623 772 2670 torum
792 2607 898 2670 ditioni
919 2609 1021 2671 adhuc
1041 2609 1253 2673 subdebantur.
1281 2610 1320 2671 Id
1340 2627 1414 2672 vcro
1443 2613 1604 2694 praecipue
1624 2612 1663 2676 de
1690 2613 1885 2698 neapolitana
1912 2613 1988 2676 urbe
2007 2612 2102 2676 adfir-

668 2721 816 2784 mandum
829 2722 972 2799 videtur,
988 2745 1059 2787 cum
1073 2747 1089 2787 e
1104 2728 1242 2809 Gregorii
1256 2728 1299 2788 M.
1312 2730 1465 2813 epistolis,
1482 2751 1613 2812 quarum
1627 2730 1764 2794 meminit
1778 2729 1893 2792 ibidem
1906 2731 2099 2802 Muratorius,

668 2833 788 2894 eluceat
800 2833 928 2916 Neapoli
941 2833 1110 2912 Ordinem,
1130 2837 1192 2898 sive
1212 2839 1476 2918 Universitatem,
1495 2842 1636 2902 extitisse.
1650 2839 1738 2901 Hane
1758 2861 1864 2922 nepes
1880 2841 2017 2922 aequiora
2032 2841 2101 2921 qui-

668 2943 738 3005 dem
751 2945 870 3006 saecula
882 2945 1045 3008 extinctam
1060 2967 1121 3010 esse
1135 2946 1203 3010 inde
1218 2951 1408 3033 potissimum
1419 2952 1504 3033 argui
1517 2965 1629 3035 potest,
1645 2951 1731 3036 quod
1745 2951 1909 3034 aliquando
1924 2951 2103 3034 Neapolitae

669 3055 787 3117 sibimet
804 3055 860 3138 ipsi
875 3057 994 3119 Ducem
1008 3080 1042 3122 ac
1055 3059 1218 3124 Consulem
1230 3077 1456 3145 nuncuparunt.
1473 3063 1591 3124 Verum
1605 3065 1659 3126 etsi
1675 3063 1768 3124 nullo
1789 3075 1874 3146 pacto
1892 3061 2103 3125 inficiandum

668 3169 708 3228 sit
727 3169 863 3230 interiori
884 3191 960 3234 aevo
979 3194 1137 3254 nunquam
1150 3176 1363 3257 neapolitanae
1377 3177 1447 3238 urbi
1467 3176 1594 3238 defuisse
1609 3176 1828 3238 Universitatis
1842 3177 2102 3260 praerogativam,

668 3278 755 3340 lateri
774 3293 872 3341 tamen
885 3295 1002 3362 oportet
1016 3283 1115 3344 Duces
1129 3287 1205 3364 ipsos
1223 3300 1397 3366 potestatem
1411 3306 1529 3346 omnem
1544 3290 1704 3348 exercuisse
1717 3330 1727 3363 ,
1749 3307 1828 3369 qnae
1842 3285 1882 3347 ad
1894 3287 2103 3351 universorum

660 3389 786 3452 civium
800 3405 918 3454 coetum
932 3393 1111 3476 pertinebat.
1126 3397 1332 3474 Quamobrem
1346 3398 1370 3456 si
1384 3397 1509 3480 quando
1526 3398 1625 3461 Duces
1640 3397 1780 3462 derebus
1795 3399 1836 3460 ad
1851 3400 2103 3464 communitatem

665 3503 869 3582 spectantibus
884 3502 1082 3566 donationum
1095 3505 1259 3588 diplomata
1279 3507 1401 3588 aliaque
1420 3509 1603 3571 documenta
1623 3508 1800 3587 ediderunt,
1821 3510 1881 3572 hoc
1900 3511 1976 3572 iuris
1996 3507 2099 3572 exde-

667 3613 812 3674 mandata
837 3615 892 3676 sibi
917 3629 1063 3698 potestate
1084 3619 1199 3681 civium
1220 3633 1431 3681 exercuerunt.
1453 3624 1490 3684 ln
1513 3641 1547 3681 ea
1571 3620 1695 3705 quidem
1708 3623 1896 3705 superiorum
1911 3621 2101 3683 membrane-

666 3745 734 3786 rum
746 3771 756 3804 ,
779 3745 873 3808 quam
892 3727 948 3787 sub
968 3747 1094 3791 numero
1115 3729 1236 3791 xxm.
1258 3750 1327 3812 pag.
1349 3748 1404 3792 101
1432 3744 1463 3792 et
1486 3752 1569 3814 seqq.
1583 3729 1755 3807 edidimus,
1775 3732 1851 3794 haec
1882 3731 2045 3816 leguntur:
2069 3741 2100 3792 et

668 3848 825 3918 quantum
848 3837 962 3900 exinde
982 3839 1015 3898 in
1035 3840 1195 3923 publicum
1214 3841 1325 3904 cecidit
1352 3852 1451 3902 totum
1471 3843 1563 3903 nobis
1579 3845 1717 3922 pertinet
1741 3865 1805 3926 per
1826 3847 2060 3906 concessionem
2079 3867 2100 3906 a

666 3949 796 4028 quidem
810 3949 941 4011 domino
956 3955 1078 4014 Ioanne
1092 3956 1127 4013 in
1142 3955 1210 4016 Dei
1223 3957 1352 4016 nemine
1373 3957 1627 4018 eminentissimo
1644 3957 1781 4021 Consule
1800 3969 1831 4020 st
1843 3961 1947 4022 Ducr'.
1969 3963 2045 4022 Item
2065 3961 2099 4020 in

666 4064 798 4145 quodam
812 4065 978 4148 diplomate
1000 4069 1096 4130 allato
1129 4092 1147 4132 a
1168 4073 1299 4154 Capacio
1329 4073 1437 4154 (Huc
1458 4093 1549 4153 neap.
1569 4085 1590 4134 t.
1610 4081 1640 4137 I.
1654 4096 1733 4154 pag.
1753 4078 1816 4138 138
1830 4075 1864 4159 ),
1884 4077 1955 4138 Dux
1975 4078 2100 4140 loannes

667 4193 727 4234 sese
748 4177 790 4235 ait
811 4175 930 4250 fecisse
950 4175 1131 4238 eburnalam
1160 4182 1367 4243 concessionis
1394 4185 1493 4244 Petro
1520 4183 1700 4266 presbytero
1723 4196 1756 4247 et
1776 4184 1882 4248 abbari
1908 4191 2100 4250 macerent

664 4287 722 4344 SS.
743 4286 883 4347 &verini
902 4297 933 4347 et
944 4289 1042 4349 Sossii
1057 4302 1128 4366 ete,
1152 4303 1187 4352 ut
1201 4313 1291 4373 nque
1307 4313 1392 4374 quas
1407 4297 1543 4376 pertinet
1561 4319 1599 4360 ex
1613 4299 1678 4361 iure
1691 4299 1808 4383 publici
1821 4300 1913 4362 nostri
1926 4299 2099 4362 clerum

659 4412 723 4472 per
739 4405 857 4457 tenum
877 4411 934 4460 etc.
953 4401 1019 4462 Hae
1039 4421 1109 4463 sane
1128 4422 1164 4462 ac
1184 4403 1319 4487 reliquae
1339 4427 1441 4469 omnes
1454 4409 1675 4486 concessiones,
1696 4431 1771 4494 quas
1791 4409 1830 4472 de
1846 4411 1977 4491 publico
1994 4411 2096 4473 Duces

664 4508 821 4587 lecerunt,
853 4511 1097 4598 interpretandae
1116 4516 1250 4600 profecto
1270 4536 1342 4584 sunt
1360 4522 1398 4584 de
1418 4522 1530 4602 rebus,
1561 4524 1671 4608 quibus
1696 4545 1752 4608 pro
1781 4525 1897 4590 Ordine
1915 4525 2098 4609 Populoque

663 4619 862 4702 neapolitano
881 4625 981 4688 Duces
1001 4624 1238 4691 dominabantur.
1258 4631 1323 4694 lam
1342 4653 1417 4700 vero
1437 4655 1507 4696 cum
1526 4637 1568 4698 ita
1589 4657 1651 4699 sese
1664 4657 1710 4700 res
1732 4637 1894 4715 habuerit,
1917 4639 2019 4704 verbis
2033 4658 2100 4720 pu-

663 4731 748 4795 blicu
762 4747 902 4816 potestus
921 4753 952 4800 et
971 4739 1010 4802 de
1032 4741 1190 4822 publico,
1218 4749 1349 4828 quaein
1379 4751 1527 4833 praesenti
1555 4765 1656 4813 nostro
1685 4752 1880 4814 instrumento
1909 4765 2096 4827 occurrunt,

659 4865 719 4905 non
739 4847 823 4910 aliud
844 4851 1003 4932 significari
1023 4875 1179 4920 censemus
1201 4859 1258 4921 nisi
1278 4859 1489 4926 Universitatis
1519 4865 1733 4948 neapolitanae
1763 4879 1969 4950 potestatem,
2002 4885 2097 4949 quam

661 4960 760 5020 Duces
780 4963 963 5027 exercebant.
