4658 6508
881 607 894 702 (
919 613 961 675 ⁶5
987 609 999 702 l

214 796 279 867 que
303 768 483 842 heredibus.
508 776 541 840 et
564 769 591 838 si
615 769 649 838 in
673 769 740 840 rita
763 789 835 838 mea
858 767 941 838 infra
957 775 1040 836 etate
1056 771 1112 834 aut
1131 763 1198 834 sine
1214 760 1348 834 heredes
1368 762 1516 836 desuetus
1543 761 1641 832 haesit

215 901 445 993 quodcumque
469 899 509 969 de
533 897 638 990 ipsum
662 896 819 968 ialieidius
843 917 934 967 meus
968 896 1073 966 facere
1100 901 1133 962 et
1165 892 1308 964 iudicare
1339 891 1474 962 voluero
1498 915 1570 961 ntea
1602 892 1643 959 sit

214 1035 384 1116 potestate.
411 1032 546 1114 excepto
582 1022 821 1092 dememorata
846 1031 1019 1112 terraque
1052 1019 1184 1089 donarit
1211 1019 1373 1112 predictus
1400 1020 1451 1089 vir
1487 1039 1578 1087 meus
1603 1017 1643 1086 ad

215 1149 387 1220 memorati
412 1147 576 1218 bernaeuli
601 1145 651 1216 sui
675 1170 739 1238 que
763 1145 797 1213 in
813 1145 963 1215 omnibus
988 1145 1030 1214 sit
1053 1145 1094 1213 ad
1115 1143 1161 1213 eis
1178 1144 1295 1212 donata
1311 1153 1348 1214 ut
1363 1143 1510 1235 superius
1525 1142 1643 1233 legitur

214 1277 436 1350 indiminuata.
461 1277 581 1345 lterum
604 1274 739 1365 dispono
763 1295 825 1363 ego
848 1284 1044 1342 memoratus
1068 1271 1191 1362 sergius
1208 1280 1245 1341 ut
1261 1271 1318 1362 qui
1334 1272 1374 1340 de
1388 1272 1557 1340 memorati
1573 1271 1645 1338 ber·

214 1400 325 1470 naculi
344 1399 408 1468 mei
434 1409 491 1468 aut
514 1420 627 1468 eorum
652 1395 822 1465 heredibus
845 1396 975 1488 aliquod
993 1397 1034 1466 de
1048 1393 1197 1487 portione
1221 1417 1278 1464 sua
1303 1396 1378 1463 dare
1402 1393 1551 1464 habuerit
1565 1394 1646 1465 nulli

214 1523 277 1591 alie
301 1543 437 1615 persone
461 1520 538 1589 dare
562 1528 724 1611 presumat
747 1519 809 1588 nisi
831 1519 917 1588 inter
939 1541 973 1588 se
997 1541 1177 1610 eorumque
1200 1517 1372 1588 heredibus
1395 1517 1455 1589 sivi
1480 1520 1555 1589 dare
1580 1521 1642 1586 de-

214 1645 288 1716 beat
311 1645 347 1714 in
362 1642 466 1735 pretio
490 1642 586 1714 sicuti
610 1642 803 1734 appretiatus
825 1644 923 1716 fuerit
947 1668 965 1712 a
985 1642 1253 1714 christianissimis
1276 1643 1365 1716 viris.
1395 1655 1427 1714 et
1450 1647 1478 1715 si
1501 1646 1585 1717 inter
1609 1667 1643 1712 se

213 1773 327 1842 tollere
352 1771 517 1842 noluerint
540 1773 680 1842 vendant
704 1773 744 1842 ad
762 1780 975 1844 memoratum
998 1771 1103 1842 lilium
1118 1796 1229 1844 meum
1248 1773 1381 1865 eiusque
1406 1773 1586 1845 heredibus.
1611 1785 1644 1840 et

213 1898 242 1965 si
266 1897 334 1988 ipse
360 1894 445 1965 [ilius
469 1916 561 1964 meus
585 1902 642 1964 aut
677 1892 811 1965 heredes
835 1893 905 1964 eius
929 1894 1071 1964 noluerit
1099 1917 1206 1964 emere
1234 1895 1288 1968 oui
1317 1895 1393 1966 dare
1423 1894 1585 1966 voluerint
1609 1895 1643 1964 in

215 2045 331 2094 eorum
355 2023 397 2091 sit
419 2031 600 2113 potestate:
631 2032 808 2093 memorata
832 2044 908 2093 vera
933 2020 1042 2092 blactu
1070 2020 1204 2091 honesta
1227 2021 1346 2094 semina
1370 2021 1491 2091 coniux
1508 2010 1586 2090 ¹mea
1609 2021 1644 2088 in

217 2149 326 2218 omnia
350 2171 421 2217 mea
445 2146 571 2240 reliqua
595 2159 771 2217 memorata
795 2157 827 2217 et
851 2150 885 2218 in
908 2147 1095 2218 memoratis
1121 2146 1301 2238 hospitibus
1326 2157 1358 2216 et
1382 2148 1519 2218 fundora
1544 2147 1643 2217 vibo-

215 2299 291 2345 rum
327 2286 360 2345 et
399 2285 606 2346 mortuorum
631 2299 706 2346 cum
741 2275 891 2346 omnibus
927 2277 973 2348 eis
1009 2275 1242 2367 pertinentibus
1269 2286 1306 2346 ut
1341 2299 1437 2368 super
1461 2277 1580 2368 legitur
1603 2281 1644 2348 sit

214 2399 336 2468 ibidem
360 2399 478 2468 domna
496 2408 529 2467 et
546 2397 677 2468 domina
701 2397 728 2466 si
752 2397 852 2468 alium
875 2397 984 2468 virum
1007 2420 1065 2489 per
1088 2397 1207 2490 quovis
1223 2401 1358 2470 modum
1381 2423 1447 2469 non
1471 2401 1570 2472 luerit
1593 2425 1645 2471 so·

214 2525 298 2593 eiata
322 2523 456 2616 regendi
481 2533 513 2593 et
537 2522 739 2615 gubernandi
763 2523 890 2594 haemi
914 2533 947 2593 et
972 2523 1206 2594 commedendi.
1233 2534 1305 2618 post
1329 2525 1398 2596 eius
1422 2527 1550 2598 ovitum
1574 2551 1645 2619 per-

213 2651 364 2720 ficiantur
388 2648 497 2718 omnia
521 2661 558 2718 ut
582 2671 678 2742 super
698 2649 830 2743 legitur.
848 2649 992 2742 Dispono
1018 2649 1138 2722 habere
1163 2663 1271 2721 saneta
1297 2653 1497 2745 neapohtana
1512 2655 1645 2724 ecelesia

214 2778 337 2871 absque
360 2776 481 2848 iniuria
505 2775 578 2847 auri
602 2777 747 2846 tremisse
770 2800 873 2849 unum
890 2777 1132 2868 neapolitanum
1156 2779 1253 2874 (11):
1280 2787 1389 2870 petrus
1412 2802 1491 2850 vero
1507 2781 1646 2851 famulus

212 3031 328 3110 quippe
350 3049 422 3088 cum
442 3028 594 3089 exoriente
614 3039 735 3108 postero
754 3028 929 3108 nuptiarum
951 3024 998 3085 die
1019 3025 1084 3086 fieri
1104 3026 1221 3088 soleret.
1244 3031 1331 3090 Hanc
1357 3049 1429 3089 vero
1458 3029 1646 3091 donationem

211 3137 381 3218 quadrante
402 3136 611 3209 fortunarum,
633 3155 707 3214 quas
728 3136 851 3196 maritus
870 3134 992 3194 haberet
1002 3177 1012 3210 ,
1034 3136 1180 3195 minorem
1195 3134 1383 3216 aliquando,
1403 3157 1559 3219 nunquam
1575 3158 1645 3196 vero

212 3253 357 3313 maiorem
378 3271 437 3310 esse
457 3250 586 3330 potuisse
607 3269 623 3308 e
642 3248 832 3330 langobardis
851 3249 921 3331 ipsis
941 3248 1040 3310 elucet
1059 3248 1176 3329 legibus
1197 3249 1273 3328 (lid.
1293 3264 1315 3306 a
1335 3251 1382 3310 tit.
1405 3261 1426 3320 4
1448 3249 1470 3331 §
1491 3249 1540 3330 t).

294 3361 369 3420 Heio
389 3379 477 3440 porro
497 3359 549 3418 abs
568 3381 600 3420 re
620 3357 741 3420 sortasse
762 3380 820 3418 non
840 3359 896 3418 erit
909 3356 1143 3418 animadvertere
1158 3378 1212 3439 per
1225 3357 1365 3419 inferiora
1380 3358 1500 3420 saecula
1519 3359 1550 3417 in
1565 3379 1646 3420 more

211 3475 340 3554 positum
359 3471 469 3547 fuisse,
492 3485 527 3534 ut
549 3473 647 3533 mariti
668 3471 768 3534 dotem
789 3473 933 3540 uxoribus
952 3475 1176 3543 constituerent,
1198 3473 1455 3551 quemadmodum
1470 3497 1530 3536 non
1546 3481 1646 3560 paucis

210 3585 339 3646 ostendit
357 3587 555 3646 monumentis
574 3587 713 3664 vigesima
735 3587 890 3643 Muratorii
910 3586 1074 3643 dissertatio
1095 3583 1139 3662 (t.
1163 3585 1209 3642 II.
1233 3604 1314 3662 pag.
1337 3590 1432 3666 117),
1467 3602 1497 3646 et
1525 3609 1646 3669 sponsa.

210 3717 281 3756 rum
301 3693 391 3754 simul
411 3705 545 3775 parentes
565 3705 618 3752 aut
637 3691 739 3751 fratres
764 3690 877 3750 donum
897 3690 1022 3770 aliquod
1043 3711 1098 3772 pro
1114 3691 1182 3750 dote
1198 3692 1365 3768 traderent,
1389 3695 1645 3775 quemadmodum

210 3818 350 3865 notatum
371 3802 427 3862 tuit
449 3824 466 3862 a
487 3800 651 3864 Friderioio
673 3801 685 3882 (
695 3820 773 3879 pag.
795 3801 864 3870 445
876 3798 898 3881 ).
918 3800 986 3859 Ηοε
1007 3798 1088 3880 apud
1108 3811 1220 3860 nostros
1240 3821 1362 3882 quoque
1383 3805 1506 3864 maiores
1527 3807 1646 3865 factita-

211 3930 279 3973 tum
299 3916 378 3995 ipsae
398 3911 605 3995 neapolitanae
625 3908 807 3992 patesaciunt
826 3907 1080 3984 consuetudines,
1112 3929 1192 3988 quae
1211 3909 1352 3972 iubebant
1372 3913 1478 3974 conlisi
1500 3935 1517 3973 a
1543 3916 1647 3976 Curia-

213 4025 296 4084 libus
317 4021 564 4098 introductum,
596 4039 656 4101 quo
676 4021 800 4084 maritus
826 4041 890 4080 non
910 4017 1000 4081 modo
1019 4020 1169 4084 bonorum
1189 4043 1311 4086 suorum
1332 4023 1530 4106 quadrantem
1550 4027 1647 4107 polli-

211 4136 336 4195 cebatur
355 4135 461 4211 uxori,
488 4152 596 4194 verum
615 4133 705 4196 etiam
724 4131 787 4193 eius
811 4131 911 4194 dotem
931 4133 1075 4217 accepisse
1094 4133 1313 4218 profitebatur,
1346 4138 1390 4197 uti
1412 4137 1463 4197 vel
1485 4158 1501 4196 a
1523 4138 1647 4200 Claritio

212 4246 271 4305 suit
291 4246 480 4310 observatum
502 4247 514 4328 (
524 4266 599 4326 pag.
619 4243 677 4326 8).

293 4353 359 4436 (11)
376 4355 543 4416 Tremissis
556 4373 697 4415 nummus
717 4355 778 4419 suit
788 4403 797 4435 ,
816 4358 872 4440 qui
892 4359 1011 4420 tertiam
1032 4356 1122 4419 solidi
1144 4360 1227 4420 aurei
1248 4373 1366 4442 partem
1387 4358 1472 4441 apud
1487 4361 1643 4423 Romanos

209 4465 363 4534 valebat,
397 4466 443 4528 uti
462 4465 654 4548 Lampridius
686 4466 748 4548 (in
770 4469 868 4529 Alex.
887 4472 954 4528 Seu.
980 4489 1015 4548 p.
1035 4468 1110 4551 39)
1139 4469 1218 4530 hisce
1239 4471 1340 4532 verbis
1370 4487 1521 4534 testatur:
1549 4477 1641 4534 Tunc

211 4576 337 4651 etaiam,
361 4594 437 4635 eum
457 4573 503 4634 ad
519 4577 643 4635 totamm
668 4585 795 4654 purtem
814 4580 908 4638 aurei
925 4579 1065 4656 veodgal
1083 4577 1268 4656 decidisset,
1291 4583 1445 4642 tremisses
1471 4601 1642 4642 aureorum

201 4682 344 4756 firmati
360 4693 443 4744 eunt.
463 4681 553 4746 Idem
573 4706 625 4746 nos
645 4684 733 4746 docet
761 4685 897 4764 Scaliger
916 4685 999 4767 apud
1022 4689 1213 4749 Gronovium
1235 4687 1282 4768 (t.
1302 4692 1367 4752 IX.
1380 4711 1416 4768 p.
1437 4687 1524 4752 1526
1532 4688 1554 4770 ).
1581 4691 1645 4750 Ne-

212 4812 275 4874 que
296 4812 369 4854 vero
389 4793 554 4858 absimilem
574 4792 664 4858 luisse
685 4796 749 4855 eius
764 4794 905 4858 valorem
919 4794 1054 4855 inferiori
1075 4816 1151 4856 aevo
1165 4794 1255 4856 tradit
1268 4797 1417 4856 Marinius
1431 4796 1443 4878 (
1456 4800 1540 4876 Pap.
1558 4799 1640 4876 Dt'p.

204 4917 282 4980 pag.
302 4897 365 4980 269
378 4899 401 4984 )
423 4903 507 4966 Hine
521 4917 604 4985 patet
619 4901 822 4965 allucinatum
838 4902 928 4966 fuisse
944 4903 1148 4968 Fridericium
1164 4903 1258 4987 (pag.
1275 4905 1368 4985 ¹¹7),
1391 4905 1442 4968 ubi
1463 4908 1506 4970 ait
1517 4907 1646 4968 tremis·

1241 5023 1261 5083 9
