4658 6508
905 585 1031 684 (⁶¹)

263 737 384 816 bellum
410 763 522 816 meum
544 740 605 839 (3).
632 748 666 814 et
689 743 743 817 eui
771 742 977 817 'vendiderint
1007 745 1122 818 firmus
1152 755 1340 840 permaneat
1368 745 1620 849 inperpetuum
1652 767 1685 830 et

263 872 405 966 pretium
427 893 527 967 quem
550 870 667 943 exinde
690 871 823 945 tulerint
845 881 987 966 quatuor
1020 875 1140 947 solidos
1170 875 1288 948 exinde
1318 879 1394 952 dent
1428 882 1469 953 ad
1499 883 1680 979 ahgemum

260 1006 294 1068 et
317 1023 400 1070 anna
423 1020 577 1094 germana
610 997 791 1070 bernacufis
824 999 930 1070 meis:
967 998 1110 1092 reliquos
1143 1008 1252 1072 autem
1287 1003 1480 1076 distribuant
1512 1030 1573 1100 pro
1608 1011 1686 1080 ani-

260 1149 411 1198 mamea
436 1147 494 1218 per
517 1122 696 1194 sacerdotes
730 1132 763 1192 et
796 1143 977 1214 pauperum
999 1125 1139 1194 fratrum
1162 1123 1276 1196 christi
1298 1127 1356 1198 ubi
1391 1130 1453 1223 ipsi
1486 1133 1686 1224 providerint

259 1248 405 1342 Dispono
428 1256 466 1318 ut
489 1248 529 1318 ad
552 1268 664 1317 meum
685 1246 859 1316 transitum
881 1245 1021 1318 habeant
1044 1249 1198 1322 donatum
1228 1253 1416 1324 memoratis
1452 1255 1614 1349 eligemus
1654 1266 1687 1328 et

257 1397 340 1445 anna
364 1374 547 1446 bemaculis
569 1370 652 1446 meis
676 1372 802 1466 integra
825 1373 912 1465 petie
947 1374 987 1446 de
1021 1381 1108 1445 terra
1139 1397 1213 1447 mea
1249 1399 1315 1472 que
1341 1387 1478 1449 vocatur
1512 1381 1688 1452 rotundula

255 1503 316 1572 sita
339 1505 379 1574 ad
403 1500 616 1572 baccilienum
639 1521 716 1570 cum
745 1499 917 1572 arvoribus
947 1501 1121 1574 fructiferis
1150 1504 1204 1574 vel
1236 1503 1445 1576 infructiferis
1477 1507 1575 1576 simul
1607 1529 1683 1578 cum

254 1629 389 1702 introito
422 1652 483 1703 suo
517 1629 734 1724 omnibusque
766 1629 829 1702 sivi
864 1630 1109 1724 pertinentibus.
1143 1641 1176 1704 et
1206 1632 1350 1706 dividant
1381 1632 1444 1706 sivi
1478 1634 1533 1704 iila
1563 1633 1683 1714 interse

253 1759 423 1853 equaliter.
447 1759 481 1830 in
506 1781 546 1831 eo
570 1760 658 1832 euim
680 1767 795 1830 tenore
817 1767 857 1830 ut
879 1760 907 1828 si
931 1759 991 1854 qni
1013 1783 1057 1832 ex
1079 1761 1126 1830 eis
1148 1760 1233 1830 infra
1255 1769 1338 1831 etate
1372 1771 1430 1832 aut
1457 1761 1526 1832 sine
1550 1761 1685 1836 heredes

255 1881 397 1954 ovietint
420 1903 504 1954 nnus
528 1883 659 1954 alterius
682 1883 801 1954 interse
824 1905 1006 1976 eorumque
1028 1882 1203 1954 heredibus
1217 1885 1408 1955 moriantur.
1431 1885 1459 1955 si
1482 1885 1581 1956 fuerit
1603 1885 1686 1956 infra

254 2017 339 2080 etate
361 2008 462 2102 gratis
485 2008 615 2079 sivero
638 2007 802 2100 legitimus
826 2011 921 2081 detur
944 2006 1003 2100 qui
1026 2029 1069 2078 ex
1093 2008 1139 2078 eis
1162 2009 1380 2100 supervixerit
1416 2009 1552 2103 eiusque
1584 2010 1687 2084 here-

253 2137 347 2208 dibus
369 2136 540 2208 medietate
562 2133 706 2228 pretium
729 2136 819 2238 quod
842 2136 952 2229 portio
984 2136 1054 2208 eius
1087 2135 1264 2229 appretiata
1295 2137 1394 2210 fuerit
1425 2161 1444 2207 a
1477 2137 1683 2210 christianis-

250 2261 339 2334 simis
362 2261 443 2332 viris
464 2283 524 2354 per
539 2283 639 2332 manu
661 2261 717 2332 cui
741 2257 944 2354 disposuerit.
967 2268 1000 2332 et
1023 2259 1051 2331 si
1074 2283 1140 2332 non
1160 2261 1355 2356 disposuerit
1370 2262 1609 2357 constringatur
1625 2288 1687 2359 per

248 2410 349 2460 manu
365 2387 564 2459 cimiliarcha
580 2386 640 2483 qui
655 2395 732 2458 tune
755 2395 903 2480 tempore
925 2387 1024 2459 fuerit
1047 2387 1083 2458 in
1105 2394 1213 2459 sancta
1236 2385 1439 2483 neapolitana
1461 2387 1594 2462 eeclesia
1612 2390 1683 2487 (4):

246 2661 455 2730 testamentum
477 2666 639 2728 condidisse
659 2665 804 2748 professus
825 2682 868 2729 est
887 2668 1027 2746 Sergius,
1048 2687 1156 2730 verum
1169 2680 1200 2726 et
1218 2667 1281 2748 ipsa
1302 2687 1378 2728 uror
1391 2667 1548 2744 interfuit,
1571 2673 1684 2752 quippe

248 2776 392 2859 quamde
412 2797 468 2838 suo
484 2776 621 2851 falcidio
629 2819 642 2850 ,
661 2776 776 2838 scilieet
795 2775 832 2838 de
852 2789 961 2860 quarta
981 2777 1124 2836 bonorum
1145 2776 1184 2837 ad
1205 2778 1346 2837 maritum
1359 2780 1556 2858 spectantium
1575 2793 1682 2864 perte,

247 2909 340 2971 quam
351 2890 415 2950 iure
435 2889 489 2950 sibi
509 2888 648 2950 obvenire
667 2886 843 2973 oportebat,
865 2907 921 2972 pro
941 2887 1007 2950 filio
1027 2890 1058 2949 in
1078 2889 1182 2950 eadem
1194 2891 1252 2951 hac
1272 2893 1446 2952 membrana
1466 2905 1572 2952 testata
1592 2891 1662 2953 fuit.

327 3003 372 3087 (ὅ)
392 3001 522 3066 Saeculo
541 3003 594 3081 X,
615 3004 655 3063 ad
674 3002 757 3082 quod
776 3000 949 3063 membrana
968 3002 1042 3063 haee
1063 3005 1210 3085 pertinet,
1233 3024 1325 3086 equos
1344 3006 1448 3066 nostris
1468 3006 1499 3063 in
1513 3005 1678 3085 regionibus

245 3111 371 3195 plurimi
393 3113 558 3175 aestimatos
578 3111 666 3172 fuisse
686 3112 878 3174 observatum
898 3125 943 3172 est
963 3134 980 3173 a
1001 3113 1163 3176 Fridericio
1184 3113 1396 3196 (Degl'Ipeti
1417 3113 1453 3173 dt
1478 3121 1581 3178 Gaetu
1595 3135 1674 3193 pag.

247 3244 314 3298 242
327 3227 349 3310 ).
368 3224 529 3306 Quoddam
549 3227 628 3286 enim
649 3224 819 3284 caietanum
839 3224 922 3286 illius
942 3225 1008 3285 aevi
1028 3225 1242 3287 documentum
1263 3224 1317 3286 sihi
1336 3225 1550 3286 illustrandum
1571 3247 1679 3287 occur-

246 3355 326 3400 rerat
338 3383 348 3414 ,
369 3341 401 3398 in
421 3361 483 3421 quo
512 3359 568 3422 pro
586 3354 682 3401 terrae
701 3337 805 3399 modiis
830 3339 944 3398 duobus
965 3361 1001 3399 ac
1021 3338 1145 3398 dimidio
1164 3360 1242 3398 unus
1262 3339 1352 3400 modo
1374 3359 1468 3420 equus
1493 3339 1674 3400 tradebatur.

247 3450 327 3511 Hine
347 3449 468 3532 praedia
484 3464 556 3508 tunc
570 3450 712 3529 temporis
730 3448 858 3506 valuisse
878 3450 975 3506 minus
994 3469 1087 3527 quam
1107 3469 1198 3527 equos
1211 3450 1370 3511 arbitratus
1390 3467 1442 3511 est
1457 3454 1674 3515 Verumtamen

247 3586 318 3626 oum
337 3575 459 3646 propter
487 3558 570 3621 haud
589 3559 787 3641 infrequentes
805 3578 841 3616 ac
861 3557 1095 3619 damnosissimas
1112 3561 1326 3620 Saracenorum
1339 3563 1515 3642 irruptiones
1535 3562 1675 3623 desolata

246 3677 412 3740 cultoribus
434 3691 518 3740 terre
545 3673 700 3754 sterpibue
719 3683 749 3734 et
770 3671 916 3751 vepn'bue
936 3673 1055 3751 repleta
1073 3671 1258 3748 fatisceret,
1290 3688 1381 3756 prout
1402 3677 1443 3734 ait
1463 3675 1678 3758 Echempertus

246 3791 259 3874 (
282 3793 368 3854 Hist.
388 3791 493 3870 Long.
513 3811 544 3850 n.
566 3792 605 3850 V.
625 3785 638 3868 )
658 3789 779 3848 cuninam
798 3781 968 3846 nuendum
988 3785 1044 3846 erit
1063 3803 1097 3846 ea
1117 3797 1293 3868 tempestate
1317 3805 1430 3868 equum
1451 3784 1566 3848 duobus
1587 3799 1680 3849 terrae

247 3906 352 3970 modiis
372 3927 407 3965 ac
428 3902 550 3963 dimidio
570 3899 754 3963 constitisse?

327 4019 372 4103 (4)
385 4017 476 4096 Quod
491 4021 573 4078 iuxta
587 4015 762 4091 Scaevolae,
779 4008 901 4091 tuliani,
913 4013 1101 4097 Ulpianique
1115 4032 1250 4096 responsa
1264 4013 1481 4097 praescriptum
1495 4013 1569 4074 olim
1583 4012 1680 4076 suerat

245 4134 283 4194 ab
304 4131 534 4213 imperatoribus
555 4125 656 4188 Leone
677 4141 708 4187 et
720 4125 878 4188 Anthemio
898 4124 1005 4208 (neg.
1020 4123 1063 4183 28
1084 4123 1117 4205 5.
1132 4141 1159 4184 r.
1179 4120 1253 4184 eod.
1267 4123 1304 4183 de
1318 4123 1470 4202 Epr'soop.
1485 4132 1516 4182 et
1533 4123 1674 4208 Cierio),

244 4244 384 4306 nimirum
414 4254 450 4302 ut
479 4239 667 4301 testatoribus
687 4241 733 4302 ius
760 4253 834 4302 esset
858 4235 1051 4319 nuncupandi
1082 4235 1267 4313 cuiuslibet,
1298 4235 1352 4318 qui
1384 4248 1549 4297 extremam
1576 4257 1678 4299 eorum

244 4357 433 4424 voluntatem
452 4351 673 4436 exsequendam
693 4368 825 4429 curaret,
839 4351 871 4413 id
892 4355 980 4414 etiam
1002 4350 1131 4432 sequiori
1145 4370 1222 4414 aevo
1242 4349 1383 4426 obtinuit,
1398 4351 1476 4425 etii,
1492 4349 1600 4431 quibus
1618 4350 1675 4410 hoe

244 4469 375 4532 officium
392 4467 647 4543 committebatur,
670 4464 817 4549 appellati
836 4463 918 4525 fuere
933 4461 1152 4523 distributores.
1165 4462 1202 4520 In
1216 4474 1403 4537 testamento,
1417 4457 1498 4540 quod
1511 4459 1578 4518 heic
1592 4458 1675 4518 exhi-

244 4581 346 4658 betur,
367 4579 400 4640 id
420 4579 551 4640 muneris
572 4576 731 4638 mandatur
756 4571 1007 4648 etmetiarclrae,
1030 4594 1093 4656 quo
1114 4573 1264 4653 dignitatis
1284 4570 1374 4631 titulo
1394 4570 1566 4650 insignitum
1586 4568 1675 4630 fuisse

244 4715 339 4754 unum
361 4691 631 4776 emetropolitanae
652 4702 769 4750 nostrae
790 4686 931 4747 ecclesiae
946 4684 1101 4746 Canonicis
1115 4683 1282 4744 observavit
1293 4678 1517 4742 Chioecarellus
1530 4679 1674 4759 (Antist.

245 4805 366 4885 neapol.
384 4804 506 4864 Ecelee
531 4801 634 4865 Catcrl.
655 4820 734 4880 pag.
759 4814 817 4879 127
841 4797 863 4881 ).
894 4797 990 4858 Nemo
1015 4817 1089 4859 vero
1114 4795 1276 4854 demiretur
1294 4791 1453 4852 haeredem
1474 4813 1509 4851 ex
1531 4793 1674 4852 testatoris

245 4917 401 4986 voluntate
422 4917 594 4995 constriugi
612 4915 738 5000 potuisse
759 4933 812 4998 per
828 4910 1087 4988 Cimeliurelram,
1110 4905 1369 4991 quemadmodum
1390 4907 1422 4968 in
1435 4905 1539 4970 eodem
1553 4905 1609 4968 hoc
1623 4918 1669 4966 te-
