<?xml version="1.0" encoding="UTF-8"?>
<!DOCTYPE html PUBLIC "-//W3C//DTD XHTML 1.0 Transitional//EN"
    "http://www.w3.org/TR/xhtml1/DTD/xhtml1-transitional.dtd">
<html xmlns="http://www.w3.org/1999/xhtml" xml:lang="en" lang="en">
 <head>
  <title>
</title>
<meta http-equiv="Content-Type" content="text/html;charset=utf-8" />
  <meta name='ocr-system' content='tesseract 3.04.00' />
  <meta name='ocr-capabilities' content='ocr_page ocr_carea ocr_par ocr_line ocrx_word'/>
</head>
<body>
  <div class='ocr_page' id='page_1' title='image "./monumentaeditaa01napogoog_0230.png"; bbox 0 0 4692 6512; ppageno 0'>
   <div class='ocr_carea' id='block_1_1' title="bbox 1283 619 1424 717">
    <p class='ocr_par' dir='ltr' id='par_1_1' title="bbox 1283 619 1424 717">
     <span class='ocr_line' id='line_1_1' title="bbox 1283 619 1424 717; baseline 0 -25"><span class='ocrx_word' id='word_1_1' title='bbox 1283 619 1424 717; x_wconf 58' lang='grc' dir='ltr'>(ιη)</span> 
     </span>
    </p>
   </div>
   <div class='ocr_carea' id='block_1_2' title="bbox 654 782 2082 2158">
    <p class='ocr_par' dir='ltr' id='par_1_2' title="bbox 654 782 2080 1264">
     <span class='ocr_line' id='line_1_2' title="bbox 750 782 2078 883; baseline 0.004 -26"><span class='ocrx_word' id='word_1_2' title='bbox 750 787 815 857; x_wconf 84' lang='lat' dir='ltr'>boc</span> <span class='ocrx_word' id='word_1_3' title='bbox 837 787 969 882; x_wconf 80' lang='lat' dir='ltr'>signum</span> <span class='ocrx_word' id='word_1_4' title='bbox 993 785 1024 880; x_wconf 90' lang='lat'>†</span> <span class='ocrx_word' id='word_1_5' title='bbox 1047 805 1163 860; x_wconf 79' lang='lat' dir='ltr'>manus</span> <span class='ocrx_word' id='word_1_6' title='bbox 1198 785 1358 859; x_wconf 82' lang='lat' dir='ltr'>nominati</span> <span class='ocrx_word' id='word_1_7' title='bbox 1395 785 1494 864; x_wconf 87' lang='lat' dir='ltr'>iconi.</span> <span class='ocrx_word' id='word_1_8' title='bbox 1531 785 1662 883; x_wconf 72' lang='lat' dir='ltr'>signum</span> <span class='ocrx_word' id='word_1_9' title='bbox 1697 782 1728 878; x_wconf 89' lang='lat'>†</span> <span class='ocrx_word' id='word_1_10' title='bbox 1762 803 1879 858; x_wconf 83' lang='lat' dir='ltr'>munus</span> <span class='ocrx_word' id='word_1_11' title='bbox 1914 784 2078 862; x_wconf 75' lang='lat' dir='ltr'>nominate</span> 
     </span>
     <span class='ocr_line' id='line_1_3' title="bbox 654 910 2080 1007; baseline 0.001 -26"><span class='ocrx_word' id='word_1_12' title='bbox 654 911 757 984; x_wconf 78' lang='lat' dir='ltr'>merie</span> <span class='ocrx_word' id='word_1_13' title='bbox 780 910 914 1006; x_wconf 82' lang='lat' dir='ltr'>coniugi</span> <span class='ocrx_word' id='word_1_14' title='bbox 945 933 1004 984; x_wconf 86' lang='lat' dir='ltr'>sue</span> <span class='ocrx_word' id='word_1_15' title='bbox 1039 911 1099 1007; x_wconf 89' lang='lat' dir='ltr'>qui</span> <span class='ocrx_word' id='word_1_16' title='bbox 1134 910 1244 984; x_wconf 86' lang='lat' dir='ltr'>omniu</span> <span class='ocrx_word' id='word_1_17' title='bbox 1279 911 1445 986; x_wconf 75' lang='lat' dir='ltr'>nominata</span> <span class='ocrx_word' id='word_1_18' title='bbox 1475 910 1717 986; x_wconf 86' lang='lat' dir='ltr'>consentierunt</span> <span class='ocrx_word' id='word_1_19' title='bbox 1740 921 1774 985; x_wconf 85' lang='lat' dir='ltr'>et</span> <span class='ocrx_word' id='word_1_20' title='bbox 1805 921 1900 984; x_wconf 85' lang='lat' dir='ltr'>testes</span> <span class='ocrx_word' id='word_1_21' title='bbox 1936 921 1974 983; x_wconf 84' lang='lat' dir='ltr'>ut</span> <span class='ocrx_word' id='word_1_22' title='bbox 1998 911 2080 982; x_wconf 83' lang='lat' dir='ltr'>sub·</span> 
     </span>
     <span class='ocr_line' id='line_1_4' title="bbox 655 1039 2079 1138; baseline 0 -25"><span class='ocrx_word' id='word_1_23' title='bbox 655 1039 799 1116; x_wconf 84' lang='lat' dir='ltr'>scribere</span> <span class='ocrx_word' id='word_1_24' title='bbox 840 1047 1040 1136; x_wconf 78' lang='lat' dir='ltr'>rogaverunt</span> <span class='ocrx_word' id='word_1_25' title='bbox 1076 1040 1166 1136; x_wconf 85' lang='lat' dir='ltr'>qnod</span> <span class='ocrx_word' id='word_1_26' title='bbox 1207 1062 1270 1138; x_wconf 75' lang='lat' dir='ltr'>ego</span> <span class='ocrx_word' id='word_1_27' title='bbox 1311 1040 1369 1138; x_wconf 91' lang='lat' dir='ltr'>qui</span> <span class='ocrx_word' id='word_1_28' title='bbox 1398 1039 1581 1114; x_wconf 76' lang='lat' dir='ltr'>nominatus</span> <span class='ocrx_word' id='word_1_29' title='bbox 1615 1040 1680 1112; x_wconf 85' lang='lat' dir='ltr'>bah</span> <span class='ocrx_word' id='word_1_30' title='bbox 1704 1041 1753 1113; x_wconf 89' lang='lat' dir='ltr'>eis</span> <span class='ocrx_word' id='word_1_31' title='bbox 1786 1039 1914 1136; x_wconf 79' lang='lat' dir='ltr'>rogitus</span> <span class='ocrx_word' id='word_1_32' title='bbox 1937 1061 1999 1133; x_wconf 89' lang='lat' dir='ltr'>pre</span> <span class='ocrx_word' id='word_1_33' title='bbox 2032 1040 2079 1113; x_wconf 83' lang='lat' dir='ltr'>eis</span> 
     </span>
     <span class='ocr_line' id='line_1_5' title="bbox 655 1165 1687 1264; baseline 0 -24"><span class='ocrx_word' id='word_1_34' title='bbox 655 1167 832 1262; x_wconf 78' lang='lat' dir='ltr'>subscripsi</span> <span class='ocrx_word' id='word_1_35' title='bbox 856 1174 890 1243; x_wconf 87' lang='lat' dir='ltr'>et</span> <span class='ocrx_word' id='word_1_36' title='bbox 912 1167 1097 1242; x_wconf 78' lang='lat' dir='ltr'>nominatos</span> <span class='ocrx_word' id='word_1_37' title='bbox 1121 1165 1242 1242; x_wconf 81' lang='lat' dir='ltr'>solidos</span> <span class='ocrx_word' id='word_1_38' title='bbox 1266 1167 1424 1256; x_wconf 84' lang='lat' dir='ltr'>confiteor</span> <span class='ocrx_word' id='word_1_39' title='bbox 1447 1165 1687 1264; x_wconf 83' lang='lat' dir='ltr'>percepisse.†</span> 
     </span>
    </p>

    <p class='ocr_par' dir='ltr' id='par_1_3' title="bbox 657 1293 2082 1519">
     <span class='ocr_line' id='line_1_6' title="bbox 749 1293 2082 1394; baseline 0.001 -27"><span class='ocrx_word' id='word_1_40' title='bbox 749 1296 867 1392; x_wconf 83' lang='lat' dir='ltr'>†egc</span> <span class='ocrx_word' id='word_1_41' title='bbox 889 1294 1049 1372; x_wconf 78' lang='lat' dir='ltr'>iohannes</span> <span class='ocrx_word' id='word_1_42' title='bbox 1073 1295 1160 1369; x_wconf 84' lang='lat' dir='ltr'>filius</span> <span class='ocrx_word' id='word_1_43' title='bbox 1194 1295 1319 1370; x_wconf 87' lang='lat' dir='ltr'>domini</span> <span class='ocrx_word' id='word_1_44' title='bbox 1350 1295 1435 1392; x_wconf 70' lang='lat' dir='ltr'>peni</span> <span class='ocrx_word' id='word_1_45' title='bbox 1468 1305 1603 1391; x_wconf 80' lang='lat' dir='ltr'>rogetus</span> <span class='ocrx_word' id='word_1_46' title='bbox 1633 1320 1653 1368; x_wconf 79' lang='lat' dir='ltr'><strong>a</strong></span> <span class='ocrx_word' id='word_1_47' title='bbox 1686 1295 1922 1394; x_wconf 76' lang='lat' dir='ltr'>suprascriptus</span> <span class='ocrx_word' id='word_1_48' title='bbox 1957 1293 2082 1390; x_wconf 76' lang='lat' dir='ltr'>iugales</span> 
     </span>
     <span class='ocr_line' id='line_1_7' title="bbox 657 1418 1826 1519; baseline -0.005 -17"><span class='ocrx_word' id='word_1_49' title='bbox 657 1425 732 1502; x_wconf 81' lang='lat' dir='ltr'>testi</span> <span class='ocrx_word' id='word_1_50' title='bbox 755 1422 931 1519; x_wconf 79' lang='lat' dir='ltr'>subscripsi</span> <span class='ocrx_word' id='word_1_51' title='bbox 955 1433 988 1496; x_wconf 81' lang='lat' dir='ltr'>et</span> <span class='ocrx_word' id='word_1_52' title='bbox 1011 1421 1246 1519; x_wconf 80' lang='lat' dir='ltr'>suprascriptos</span> <span class='ocrx_word' id='word_1_53' title='bbox 1268 1421 1390 1496; x_wconf 84' lang='lat' dir='ltr'>solidos</span> <span class='ocrx_word' id='word_1_54' title='bbox 1415 1421 1571 1496; x_wconf 84' lang='lat' dir='ltr'>confiteor</span> <span class='ocrx_word' id='word_1_55' title='bbox 1595 1418 1826 1517; x_wconf 83' lang='lat' dir='ltr'>percepisse†</span> 
     </span>
    </p>

    <p class='ocr_par' dir='ltr' id='par_1_4' title="bbox 661 1545 2081 1770">
     <span class='ocr_line' id='line_1_8' title="bbox 755 1545 2081 1646; baseline -0.005 -22"><span class='ocrx_word' id='word_1_56' title='bbox 755 1551 787 1645; x_wconf 92' lang='lat'>†</span> <span class='ocrx_word' id='word_1_57' title='bbox 811 1573 874 1646; x_wconf 81' lang='lat' dir='ltr'>ego</span> <span class='ocrx_word' id='word_1_58' title='bbox 897 1547 1071 1644; x_wconf 77' lang='lat' dir='ltr'>stephanus</span> <span class='ocrx_word' id='word_1_59' title='bbox 1094 1547 1182 1622; x_wconf 82' lang='lat' dir='ltr'>filius</span> <span class='ocrx_word' id='word_1_60' title='bbox 1215 1546 1340 1621; x_wconf 85' lang='lat' dir='ltr'>domini</span> <span class='ocrx_word' id='word_1_61' title='bbox 1364 1546 1442 1618; x_wconf 90' lang='lat' dir='ltr'>boni</span> <span class='ocrx_word' id='word_1_62' title='bbox 1466 1555 1603 1642; x_wconf 78' lang='lat' dir='ltr'>rogetus</span> <span class='ocrx_word' id='word_1_63' title='bbox 1636 1571 1656 1618; x_wconf 86' lang='lat' dir='ltr'>a</span> <span class='ocrx_word' id='word_1_64' title='bbox 1690 1545 1927 1642; x_wconf 77' lang='lat' dir='ltr'>suprascriptos</span> <span class='ocrx_word' id='word_1_65' title='bbox 1957 1545 2081 1640; x_wconf 82' lang='lat' dir='ltr'>iugules</span> 
     </span>
     <span class='ocr_line' id='line_1_9' title="bbox 661 1667 1827 1770; baseline -0.003 -24"><span class='ocrx_word' id='word_1_66' title='bbox 661 1677 733 1750; x_wconf 77' lang='lat' dir='ltr'>testi</span> <span class='ocrx_word' id='word_1_67' title='bbox 757 1673 932 1770; x_wconf 84' lang='lat' dir='ltr'>subscripsi</span> <span class='ocrx_word' id='word_1_68' title='bbox 955 1682 988 1751; x_wconf 83' lang='lat' dir='ltr'>et</span> <span class='ocrx_word' id='word_1_69' title='bbox 1012 1670 1249 1768; x_wconf 75' lang='lat' dir='ltr'>suprascriptos</span> <span class='ocrx_word' id='word_1_70' title='bbox 1271 1669 1392 1744; x_wconf 85' lang='lat' dir='ltr'>subdes</span> <span class='ocrx_word' id='word_1_71' title='bbox 1415 1670 1573 1742; x_wconf 80' lang='lat' dir='ltr'>confiteor</span> <span class='ocrx_word' id='word_1_72' title='bbox 1595 1668 1777 1765; x_wconf 87' lang='lat' dir='ltr'>percepisse</span> <span class='ocrx_word' id='word_1_73' title='bbox 1795 1667 1827 1764; x_wconf 95' lang='lat'>†</span> 
     </span>
    </p>

    <p class='ocr_par' dir='ltr' id='par_1_5' title="bbox 657 1797 2080 2027">
     <span class='ocr_line' id='line_1_10' title="bbox 753 1797 2080 1899; baseline -0.005 -24"><span class='ocrx_word' id='word_1_74' title='bbox 753 1803 871 1899; x_wconf 77' lang='lat' dir='ltr'>†egc</span> <span class='ocrx_word' id='word_1_75' title='bbox 894 1801 947 1874; x_wconf 88' lang='lat' dir='ltr'>lee</span> <span class='ocrx_word' id='word_1_76' title='bbox 970 1799 1057 1874; x_wconf 87' lang='lat' dir='ltr'>filius</span> <span class='ocrx_word' id='word_1_77' title='bbox 1082 1799 1208 1874; x_wconf 82' lang='lat' dir='ltr'>domini</span> <span class='ocrx_word' id='word_1_78' title='bbox 1233 1798 1320 1896; x_wconf 80' lang='lat' dir='ltr'>sergi</span> <span class='ocrx_word' id='word_1_79' title='bbox 1349 1807 1482 1894; x_wconf 76' lang='lat' dir='ltr'>rogetus</span> <span class='ocrx_word' id='word_1_80' title='bbox 1520 1823 1539 1866; x_wconf 84' lang='lat' dir='ltr'><strong>a</strong></span> <span class='ocrx_word' id='word_1_81' title='bbox 1573 1797 1809 1893; x_wconf 73' lang='lat' dir='ltr'>suprascriptos</span> <span class='ocrx_word' id='word_1_82' title='bbox 1846 1797 1972 1893; x_wconf 81' lang='lat' dir='ltr'>iugules</span> <span class='ocrx_word' id='word_1_83' title='bbox 2006 1800 2080 1870; x_wconf 79' lang='lat' dir='ltr'>testi</span> 
     </span>
     <span class='ocr_line' id='line_1_11' title="bbox 657 1926 1882 2027; baseline -0.004 -21"><span class='ocrx_word' id='word_1_84' title='bbox 657 1931 832 2027; x_wconf 84' lang='lat' dir='ltr'>subscripsi</span> <span class='ocrx_word' id='word_1_85' title='bbox 857 1939 890 2005; x_wconf 84' lang='lat' dir='ltr'>ct</span> <span class='ocrx_word' id='word_1_86' title='bbox 913 1931 1150 2027; x_wconf 75' lang='lat' dir='ltr'>suprascriptos</span> <span class='ocrx_word' id='word_1_87' title='bbox 1173 1926 1293 2003; x_wconf 82' lang='lat' dir='ltr'>solidos</span> <span class='ocrx_word' id='word_1_88' title='bbox 1316 1928 1474 2002; x_wconf 79' lang='lat' dir='ltr'>confiteor</span> <span class='ocrx_word' id='word_1_89' title='bbox 1496 1927 1722 2022; x_wconf 84' lang='lat' dir='ltr'>percepisse†</span> <span class='ocrx_word' id='word_1_90' title='bbox 1876 1949 1882 1960; x_wconf 92' lang='lat'><strong>·</strong></span> 
     </span>
    </p>

    <p class='ocr_par' dir='ltr' id='par_1_6' title="bbox 754 2055 2080 2158">
     <span class='ocr_line' id='line_1_12' title="bbox 754 2055 2080 2158; baseline -0.007 -25"><span class='ocrx_word' id='word_1_91' title='bbox 754 2063 881 2158; x_wconf 81' lang='lat' dir='ltr'>†Ego</span> <span class='ocrx_word' id='word_1_92' title='bbox 906 2061 1004 2136; x_wconf 85' lang='lat' dir='ltr'>david</span> <span class='ocrx_word' id='word_1_93' title='bbox 1028 2058 1160 2136; x_wconf 82' lang='lat' dir='ltr'>curialis</span> <span class='ocrx_word' id='word_1_94' title='bbox 1184 2057 1346 2154; x_wconf 81' lang='lat' dir='ltr'>complevi</span> <span class='ocrx_word' id='word_1_95' title='bbox 1369 2065 1402 2130; x_wconf 77' lang='lat' dir='ltr'>ct</span> <span class='ocrx_word' id='word_1_96' title='bbox 1427 2055 1550 2130; x_wconf 78' lang='lat' dir='ltr'>absolvi</span> <span class='ocrx_word' id='word_1_97' title='bbox 1574 2055 1627 2129; x_wconf 83' lang='lat' dir='ltr'>die</span> <span class='ocrx_word' id='word_1_98' title='bbox 1649 2066 1682 2128; x_wconf 90' lang='lat' dir='ltr'>et</span> <span class='ocrx_word' id='word_1_99' title='bbox 1710 2055 1885 2130; x_wconf 76' lang='lat' dir='ltr'>indictione</span> <span class='ocrx_word' id='word_1_100' title='bbox 1913 2057 2080 2128; x_wconf 79' lang='lat' dir='ltr'>nominata</span> 
     </span>
    </p>
   </div>
   <div class='ocr_carea' id='block_1_3' title="bbox 657 2191 824 2286">
    <p class='ocr_par' dir='ltr' id='par_1_7' title="bbox 657 2191 824 2286">
     <span class='ocr_line' id='line_1_13' title="bbox 657 2191 824 2286; baseline -0.012 -22"><span class='ocrx_word' id='word_1_101' title='bbox 657 2193 769 2286; x_wconf 79' lang='lat' dir='ltr'>quintu</span> <span class='ocrx_word' id='word_1_102' title='bbox 793 2191 824 2285; x_wconf 91' lang='lat'>†</span> 
     </span>
    </p>
   </div>
   <div class='ocr_carea' id='block_1_4' title="bbox 0 0 2356 6512">
    <p class='ocr_par' dir='ltr' id='par_1_8' title="bbox 0 0 2356 6512">
     <span class='ocr_line' id='line_1_14' title="bbox 0 0 2356 6512; baseline 0 0"><span class='ocrx_word' id='word_1_103' title='bbox 0 0 2356 6512; x_wconf 95' lang='lat' dir='ltr'> </span> 
     </span>
    </p>
   </div>
  </div>
 </body>
</html>
