4616 6532
666 550 773 606 XXIV

668 693 748 778 hoc
778 693 903 778 locuti
931 694 1013 776 sint
1040 690 1229 804 plerique
1258 692 1435 774 maximi
1462 693 1642 777 norninis
1670 692 1922 803 scriptores,
1953 719 2002 776 ac
2032 691 2101 774 in-

669 835 818 946 primis
846 832 1103 936 Leibuitius,
1133 861 1264 945 quem
1292 831 1567 944 diplomaticis
1594 861 1619 916 a
1647 831 1791 918 studiis
1819 831 2016 942 singulari
2035 831 2102 914 di-

669 976 835 1084 ligentia
864 972 1105 1060 excolendis
1134 1005 1181 1060 ac
1208 975 1403 1088 perdocte
1433 975 1698 1063 enucleandis
1726 977 1901 1060 minime
1931 1005 2101 1062 eorum-

669 1117 768 1203 dem
797 1121 996 1232 asperitas
1024 1119 1240 1205 deterruit.
1274 1121 1373 1203 Duo
1400 1138 1541 1204 tamen
1570 1121 1730 1204 silentio
1758 1119 1932 1204 minime
1976 1147 2101 1230 prae-

669 1259 871 1346 tereunda
898 1259 990 1344 heic
1017 1261 1136 1346 nobis
1163 1259 1372 1347 videntur.
1406 1263 1596 1346 Primum
1626 1259 1800 1374 quidem
1841 1289 1926 1348 non
1968 1261 2102 1346 obiter

669 1404 907 1491 curandum
935 1435 1018 1488 esse
1048 1406 1316 1510 arbitramur,
1348 1425 1413 1510 ut,
1445 1405 1586 1518 quoad
1613 1405 1701 1488 eius
1720 1403 1808 1488 fieri
1834 1407 1980 1516 possit,
2012 1434 2098 1490 non

669 1550 796 1634 modo
823 1551 1167 1662 praeceptionum
1195 1579 1306 1662 ope,
1347 1551 1498 1662 quibus
1527 1569 1683 1634 nostras
1712 1549 1996 1658 vestigationes
2025 1548 2102 1634 ad-

670 1697 816 1778 iuvare
845 1713 971 1807 queat
998 1723 1189 1805 praesens
1218 1695 1329 1778 Artis
1356 1695 1659 1806 Diplomaticae
1689 1691 1901 1802 conditio,
1948 1723 2101 1779 verum

670 1855 710 1916 et
739 1835 888 1946 quavis
917 1833 999 1916 alia
1028 1835 1220 1936 ratione,
1250 1863 1359 1946 quae
1387 1833 1442 1918 ad
1471 1836 1693 1920 veritatem
1736 1835 2100 1922 internoscendum

672 1991 836 2085 praesto
863 1973 980 2056 nobis
1009 2003 1093 2058 esse
1121 1975 1275 2086 possit,
1305 1975 1407 2060 falsa
1435 1973 1664 2086 diplomata
1695 2003 1756 2079 ac,
1771 1975 2046 2064 instrumenta
2075 2004 2103 2056 a

672 2115 782 2199 veris
810 2132 1094 2198 secernantur.
1129 2113 1310 2216 Quantis
1339 2145 1444 2229 opus
1472 2115 1553 2200 hoc
1582 2113 1891 2202 difficultatibus
1918 2119 1969 2200 sit
1990 2119 2104 2204 obsi-

671 2279 781 2362 tum,
813 2256 1158 2371 palamquidem
1186 2261 1345 2346 faciunt
1374 2278 1467 2344 tum
1495 2282 1617 2346 notae
1637 2262 1730 2346 illae
1751 2263 1972 2370 censoriae,
1996 2293 2104 2376 quas

675 2405 966 2510 Muratorius,
999 2433 1047 2486 ac
1075 2401 1250 2504 duoviri
1271 2405 1458 2490 Mancini
1486 2406 1713 2515 Ugbellio,
1745 2409 2013 2514 Leibuitius,
2061 2431 2105 2494 et

674 2545 932 2656 Ludewigus
959 2547 1186 2653 Goldast0,
1218 2551 1356 2634 etalii
1386 2551 1670 2662 compluribus
1699 2553 1786 2636 aliis
1827 2556 2100 2658 inusserunt,

673 2711 768 2774 tum
796 2692 1108 2796 contentiones,
1139 2720 1243 2802 quas
1271 2689 1323 2774 de
1351 2691 1429 2778 hac
1457 2723 1502 2774 re
1533 2693 1871 2805 Papehrochius,
1919 2697 2102 2782 Germe—

673 2837 800 2940 nius,
833 2836 1076 2940 muninus,
1118 2836 1361 2940 Simonius,
1408 2856 1448 2920 et
1490 2837 1561 2924 alii
1608 2840 1913 2953 quamplurimi
1943 2844 2105 2928 excita-

676 2999 790 3062 runt.
819 2981 1016 3066 Veritatis
1046 2977 1253 3063 enim'aut
1272 2980 1457 3066 falsitatis
1486 2981 1637 3065 indicia
1666 3013 1749 3066 non
1769 3014 1931 3096 semper
1958 3015 2106 3098 reapse

675 3151 827 3204 verum
857 3142 930 3205 aut
958 3122 1111 3206 falsum
1140 3122 1322 3233 produnt
1351 3126 1689 3229 instrumentum,
1707 3129 1750 3210 in
1770 3157 1855 3240 quo
1876 3128 2109 3241 deprehen-

680 3263 849 3346 dantur.
883 3260 1042 3348 Idcirco
1071 3263 1295 3375 quominus
1323 3262 1585 3364 hallucinari,
1617 3285 1657 3349 et
1686 3297 1845 3352 merces
1873 3271 2037 3358 vitiosas
2056 3301 2107 3358 ac

679 3409 931 3494 adulterinas
958 3437 1035 3522 pro
1063 3409 1181 3492 bonis
1210 3437 1258 3491 ae
1287 3409 1476 3518 legitimis
1504 3411 1711 3494 venditari
1740 3416 1979 3524 contingat,
2023 3420 2107 3500 mi-

676 3581 775 3636 rum
803 3571 862 3636 est
890 3570 1047 3664 quanta
1076 3579 1181 3662 opus
1207 3552 1259 3633 sit
1287 3552 1516 3660 sagacitate,
1549 3552 1736 3636 doctriua
1765 3573 1805 3638 et
1825 3559 2098 3668 experientia.

680 3697 928 3780 Praesertim
957 3722 1058 3777 vero
1088 3721 1250 3780 necesse
1280 3710 1340 3776 est
1369 3711 1416 3776 ut
1445 3693 1527 3774 suis
1555 3693 1731 3805 quisque
1771 3695 1900 3778 oculis
1942 3697 2105 3784 chartas

678 3841 785 3948 ipsas
815 3837 1004 3948 inspiciat
1031 3854 1158 3948 atque
1186 3832 1450 3946 perpendat,
1497 3864 1595 3918 curn
1625 3837 1682 3918 ita
1710 3838 1971 3948 potissimum
2014 3842 2106 3928 fieri

677 3998 835 4092 queat,
868 3978 1042 4088 nequis
1071 3975 1173 4058 {alsa
1201 4003 1278 4085 pro
1307 3975 1416 4058 veris
1444 3973 1660 4080 obtrudat,
1692 4004 1739 4058 ac
1768 3976 1811 4060 in
1837 3983 2106 4071 temerariam

677 4119 1030 4231 praecipitemque
1059 4115 1213 4201 incidat
1241 4144 1473 4198 censuram.

788 4259 1106 4364 Quamobrem,
1137 4276 1178 4340 et
1205 4256 1284 4340 hoc
1312 4257 1516 4340 nimirum
1556 4277 1615 4340 est
1654 4259 1833 4344 alterum
1872 4292 1895 4346 e
1940 4262 2104 4352 duobus

676 4405 788 4510 illis,
820 4435 929 4518 quae
959 4402 1329 4490 animadvertenda
1359 4402 1604 4514 ediximus,
1647 4437 1731 4492 non
1760 4408 1960 4496 mediocri
2002 4445 2105 4504 cura

678 4547 1011 4634 adlaborandum
1039 4577 1123 4630 esse
1152 4576 1381 4650 censemus,
1413 4567 1460 4630 ut
1488 4569 1761 4634 monumenta
1790 4554 1878 4665 ipsa
1898 4557 1943 4641 in
1964 4558 2105 4646 lucem

677 4691 940 4796 educantur,
973 4709 1013 4774 et
1042 4690 1174 4774 cuivis
1201 4686 1455 4802 inspicienda
1482 4719 1558 4801 per
1578 4708 1702 4806 typos
1721 4691 1955 4780 tradantur.
1980 4699 2100 4784 Insti-

677 4857 817 4930 tutum
843 4839 923 4923 hoc
951 4839 1040 4922 iure
1068 4837 1226 4948 optimo
1256 4836 1600 4948 praeponendum
1629 4837 1746 4922 nobis
1778 4839 1942 4928 videtur
1969 4845 2100 4928 eonsi-
