4692 6512
1325 623 1467 720 (128)

1327 915 1477 986 XXXVI.

571 1195 619 1240 sn.
783 1164 814 1260 †
837 1167 875 1238 ln
894 1169 1025 1240 nominc
1040 1165 1164 1243 domini
1179 1167 1232 1242 dei
1246 1168 1416 1240 salvatoris
1430 1167 1534 1242 nostri
1548 1165 1643 1240 ihesu
1659 1163 1772 1237 christi
1788 1167 1968 1260 imperante
1983 1166 2117 1238 dominc

559 1302 637 1362 942.
687 1301 796 1364 nostro
821 1295 1030 1366 Constantino
1052 1319 1173 1390 magne
1197 1299 1391 1392 imperatore
1407 1319 1492 1368 anno
1512 1295 1676 1368 tricesimo
1699 1303 1830 1390 quarto.
1859 1297 1915 1366 sed
1931 1305 1964 1365 et
1978 1317 2117 1365 romano

687 1447 806 1516 magno
829 1425 1024 1519 imperatore
1048 1447 1133 1502 anno
1157 1425 1310 1497 vicesimo
1333 1425 1498 1518 primmo:
1525 1423 1579 1496 die
1603 1425 1727 1494 decima
1751 1424 1871 1494 mensis
1886 1421 2043 1494 februarii
2058 1422 2116 1490 in-

687 1554 827 1625 dictione
851 1554 1088 1647 quintadecima
1121 1551 1285 1646 neapolis:
1311 1549 1446 1623 Certum
1479 1561 1528 1626 est
1559 1573 1619 1623 nos
1651 1550 1816 1624 eufimmia
1838 1547 1975 1620 honesta
1997 1549 2116 1620 femina

685 1680 751 1750 filia
775 1681 908 1773 quidem
931 1681 1092 1773 stephani:
1119 1690 1152 1751 et
1174 1681 1365 1774 stephanum
1381 1703 1440 1753 seu
1457 1703 1540 1750 anna
1563 1680 1699 1751 honesta
1713 1677 1832 1750 femina
1847 1699 2011 1770 quamque
2025 1697 2116 1768 pan-

684 1805 845 1876 talecnem
868 1805 932 1874 hoc
956 1816 1004 1875 est
1028 1805 1185 1896 genitrice
1207 1815 1240 1874 et
1264 1805 1340 1878 filiis
1367 1806 1479 1877 relicta
1507 1815 1540 1875 et
1563 1804 1638 1875 tiliis
1671 1801 1806 1897 quidem
1828 1799 1926 1869 boni:
1959 1799 2115 1893 provise

684 1942 795 2001 nostra
813 1939 846 2002 et
861 1956 922 2025 pro
938 1931 1010 2002 vice
1026 1933 1175 2004 iohannis
1192 1934 1251 2004 lilii
1268 1943 1301 2004 et
1316 1935 1462 2027 germani
1478 1933 1581 2005 nostri
1598 1933 1657 2025 qui
1671 1932 1755 2002 infra
1771 1937 1855 2001 etate
1879 1947 1947 2000 csse
1962 1928 2111 2000 videtur:

686 2081 748 2150 ego
780 2059 946 2130 nominata
978 2084 1061 2130 anna
1094 2085 1170 2132 cum
1207 2063 1373 2132 voluntate
1396 2060 1484 2132 leoni
1507 2060 1634 2130 ferrarii
1659 2058 1724 2131 viri
1748 2055 1813 2128 mei
1838 2054 1901 2148 (tls
1928 2053 2112 2148 Apresenti

686 2182 738 2251 die
754 2183 994 2275 promptissime
1018 2184 1204 2254 voluntate:
1231 2184 1496 2256 venundedimus
1519 2194 1552 2255 et
1575 2181 1766 2254 tradidimus
1787 2180 1847 2251 tibi
1863 2180 1964 2251 drosu
1979 2177 2113 2250 honesta

684 2309 803 2378 femina
827 2307 882 2377 cui
905 2327 1123 2400 supernomen
1147 2331 1276 2400 gemma
1299 2331 1405 2380 nurua
1428 2317 1462 2379 et
1485 2317 1622 2402 cognata
1646 2329 1705 2380 seu
1738 2305 1877 2399 coniuge
1901 2311 2030 2374 nostra:
2049 2300 2114 2372 lilia

685 2433 817 2524 quidem
824 2481 955 2502 ......
961 2431 1045 2504 idest
1067 2433 1193 2524 integra
1217 2435 1296 2504 duas
1318 2431 1420 2526 petias
1444 2435 1484 2505 de
1507 2439 1595 2504 terra
1619 2440 1728 2501 nosba
1750 2428 1935 2523 exquibus
1959 2449 2025 2500 una
2048 2452 2113 2522 que

684 2569 820 2626 vocatur
839 2567 937 2630 centu
952 2558 1076 2628 maiore
1101 2570 1133 2629 et
1153 2557 1286 2630 coheret
1309 2559 1372 2629 sivi
1396 2561 1436 2631 de
1452 2581 1519 2630 uno
1534 2559 1634 2628 latere
1649 2567 1736 2628 terra
1752 2554 1900 2648 stephani
1915 2555 2041 2627 lerrarii
2056 2556 2113 2624 cui

683 2706 900 2776 supernomen
924 2683 1123 2780 pitinarum:
1150 2695 1183 2758 et
1206 2685 1247 2756 de
1271 2709 1339 2756 uno
1362 2687 1467 2778 capite
1492 2693 1540 2756 est
1556 2693 1643 2756 terra
1657 2691 1768 2752 nostra
1784 2705 1850 2776 que
1864 2681 1959 2752 nobis
1977 2681 2112 2754 obvenit

684 2833 744 2901 pro
768 2811 863 2879 tertia
886 2809 1067 2904 apartibus
1089 2811 1364 2903 langubardorum
1389 2812 1430 2880 de
1446 2818 1533 2880 terra
1557 2809 1692 2880 ecclesie
1715 2817 1823 2880 sancte
1847 2809 1965 2903 agathe
1988 2833 2052 2903 que
2075 2809 2111 2877 in

683 2949 793 3010 nostra
818 2941 1056 3012 reservavimus
1078 2949 1235 3034 potestate
1259 2937 1355 3009 sicuti
1378 2939 1463 3010 inter
1479 2943 1526 3009 ‘se
1562 2911 1696 3031 egripus
1731 2938 1873 3008 exfinat:
1900 2948 1933 3010 et
1968 2962 2013 3010 ex
2047 2937 2111 3007 alic

682 3067 782 3139 latere
804 3077 891 3138 terra
916 3067 1074 3160 portionis
1098 3064 1246 3159 stephani
1268 3062 1399 3156 cognati
1423 3073 1455 3135 et
1478 3063 1540 3134 tbii
1563 3063 1679 3134 nostri.
1697 3069 1732 3133 et
1747 3073 1830 3135 terra
1851 3063 1986 3135 ecclesie
2003 3067 2111 3134 saneti

682 3192 819 3262 castrisi.
846 3203 880 3262 et
904 3189 1163 3282 omnitempore
1187 3209 1257 3259 esse
1280 3189 1395 3260 debeat
1425 3187 1590 3257 nominata
1625 3195 1713 3256 terra
1746 3211 1812 3280 que
1845 3197 1981 3258 vocatur
2011 3197 2109 3259 centu

682 3317 805 3386 maiore
838 3313 997 3408 portionis
1032 3323 1142 3384 nostre
1174 3339 1239 3408 que
1276 3315 1337 3384 tibi
1372 3315 1522 3409 superius
1549 3314 1806 3386 venundedimus
1835 3337 1912 3384 cum
1942 3317 2108 3386 nominata

681 3443 831 3537 portione
855 3443 1013 3515 nominati
1037 3442 1185 3536 stephani
1209 3444 1338 3537 cognati
1362 3452 1396 3516 et
1419 3443 1481 3514 tbii
1504 3444 1609 3514 nostri
1639 3468 1682 3515 ex
1714 3444 1785 3536 ipsa
1815 3453 1901 3514 terra
1923 3445 1965 3514 ad
1994 3444 2107 3538 equale

680 3593 851 3644 mensura:
878 3579 911 3641 et
934 3593 976 3640 ex
1000 3568 1066 3640 alio
1089 3569 1194 3664 capite
1217 3579 1266 3641 est
1288 3581 1375 3642 terra
1397 3570 1464 3642 iam
1487 3568 1566 3642 dicti
1588 3569 1736 3664 stephani
1759 3569 1890 3662 cognati
1914 3579 1947 3640 et
1964 3568 2024 3639 tbii
2038 3591 2106 3639 no-

759 3961 803 4042 (1)
825 3963 860 4022 In
881 3961 1055 4021 membrana
1072 3959 1127 4023 sub
1144 3983 1271 4024 numero
1284 3962 1369 4024 XIV.
1387 3982 1455 4044 pag.
1476 3962 1517 4023 so
1536 3961 1640 4024 adnot.
1658 3963 1717 4045 (4),
1733 3964 1886 4024 minorum
1902 3959 2039 4022 liliorum
2055 3977 2106 4023 tu-

678 4067 774 4129 telam
795 4071 916 4129 minime
936 4090 954 4128 a
975 4084 1069 4130 matre
1091 4083 1258 4152 susceptam
1283 4069 1371 4133 fuisse
1391 4070 1579 4131 notavimus.
1610 4073 1687 4134 Heic
1707 4091 1778 4132 vero
1797 4091 1852 4154 pro
1871 4071 1986 4132 Ioanne
2008 4091 2104 4154 puero

677 4179 863 4258 stipulantur
882 4199 942 4239 non
962 4179 1055 4239 modo
1075 4179 1180 4240 iratres
1201 4196 1278 4242 natu
1298 4182 1447 4259 maiores,
1481 4203 1588 4244 veruna
1612 4197 1768 4246 eteorum
1788 4197 1885 4244 mater
1904 4187 2003 4242 Anna.
2023 4181 2103 4243 llinc

676 4289 799 4351 elicitur
819 4311 878 4350 non
899 4311 1014 4374 semper
1034 4289 1118 4375 apud
1137 4293 1265 4354 maiores
1284 4308 1399 4356 nostros
1419 4315 1536 4357 morem
1559 4296 1749 4374 obtinuisse,
1781 4311 1817 4359 ut
1841 4296 2007 4358 liberorum
2027 4309 2102 4358 natu

675 4402 831 4464 minorum
853 4402 950 4464 tutela
971 4424 1030 4464 non
1051 4405 1163 4479 matri,
1186 4403 1239 4466 sed
1262 4403 1477 4468 tantammodo
1497 4405 1639 4470 fratribus
1659 4406 1822 4468 maioribus
1843 4407 2101 4481 committeretur,

673 4525 767 4594 prout
787 4511 1055 4594 Langobardorum
1076 4511 1191 4593 legibus
1211 4489 1336 4576 cautum
1356 4514 1464 4577 suerat.
1485 4517 1554 4577 Hoc
1573 4518 1646 4578 item
1666 4517 1841 4581 observavit
1860 4515 2026 4593 Claritius,
2046 4519 2102 4599 qui

673 4625 770 4708 (pag.
795 4645 839 4708 79
865 4635 895 4686 et
914 4625 978 4708 80)
998 4629 1039 4687 ait
1059 4625 1208 4710 pleraque
1228 4629 1283 4689 sibi
1303 4632 1467 4692 occurrisse
1480 4633 1700 4710 instrumenta,
1721 4632 1877 4716 inquibus
1891 4631 2003 4696 viduae
2015 4634 2100 4695 iuxta

674 4759 808 4802 romanas
830 4737 913 4821 leges
934 4739 1084 4798 minorum
1103 4734 1241 4799 liliorum
1260 4739 1343 4800 vices
1364 4753 1530 4820 gesserunt.
1552 4737 1634 4800 Adeo
1653 4759 1764 4803 verum
1784 4755 1829 4804 est
1849 4740 1932 4824 quod
1952 4763 1970 4804 a
1989 4745 2099 4807 Murs-

672 4855 749 4914 tcrio
769 4851 1011 4915 animadversum
1031 4851 1122 4914 luisse
1142 4853 1173 4912 in
1194 4849 1340 4934 praedicta
1361 4850 1545 4914 adnotatione
1566 4852 1817 4932 memoravimus,
1848 4853 1993 4918 nimirum
2020 4855 2098 4918 inle-

671 4963 756 5022 nicris
776 4965 844 5023 aevi
864 4961 991 5045 populos
1012 4961 1104 5023 modo
1124 4959 1344 5041 langobardis,
1368 4961 1457 5024 ruodo
1477 4964 1608 5025 romanis
1628 4963 1748 5044 legibus
1768 4963 1990 5048 obtemperasse.
