4692 6512
1312 591 1454 688 (144)

671 745 843 840 aliquando
867 765 1072 837 quacumque
1096 746 1313 838 requesitione
1337 759 1393 821 aut
1416 744 1564 818 molestia
1589 755 1654 818 tam
1679 769 1738 818 vos
1761 743 1821 841 qui
1844 767 1942 840 supra
1960 747 2095 820 domino

671 869 841 942 benedicto
865 867 1042 938 venerabili
1066 868 1224 962 igumeno
1247 895 1412 967 quamque
1435 871 1574 967 posteris
1597 871 1713 944 restris
1739 893 1801 943 nec
1815 871 2000 946 nominatus
2015 897 2092 947 san·

671 1009 742 1067 ctus
765 1007 798 1065 et
821 993 1013 1066 venerabilis
1037 1006 1144 1067 vester
1167 998 1380 1069 monasterius
1412 1021 1471 1091 per
1503 999 1630 1070 nullum
1665 1000 1801 1072 modum
1823 997 1867 1069 ba
1891 1023 1978 1070 nnnc
2002 1013 2035 1072 et
2059 1003 2094 1072 in

671 1123 835 1218 perpetuis
850 1122 1063 1216 temporibus.
1082 1135 1216 1217 propter
1238 1126 1328 1219 quod
1352 1128 1393 1197 ad
1408 1127 1514 1198 vicem
1531 1126 1566 1196 in
1587 1126 1848 1198 commutationis
1871 1149 2098 1221 recompensa·

672 1248 834 1342 tionisque
858 1249 968 1342 accepi
992 1273 1010 1318 a
1034 1247 1126 1317 vobis
1143 1247 1206 1317 boe
1224 1257 1272 1318 est
1288 1248 1430 1342 integras
1445 1273 1502 1321 serr
1520 1249 1632 1320 uncias
1646 1261 1769 1320 rostras
1797 1272 1912 1344 quasa
1928 1253 2097 1324 nominato

672 1397 828 1469 germano
851 1399 925 1447 meo
948 1376 1077 1446 ollertas
1100 1375 1225 1446 habetis
1248 1377 1289 1448 de
1325 1399 1438 1447 omnes
1470 1378 1623 1448 fundoras
1658 1379 1847 1449 extundatas
1878 1377 1937 1471 qui
1966 1381 2098 1450 fuerunt

672 1513 705 1572 et
727 1503 954 1596 pertinuerrmt
977 1525 1036 1596 per
1059 1503 1295 1596 qualecumque
1319 1504 1452 1574 modum
1476 1503 1578 1596 ipsius
1601 1503 1678 1575 dicti
1710 1504 1852 1596 genitori
1874 1507 1940 1574 mei
1964 1505 2000 1576 in
2023 1507 2096 1578 looo

673 1628 733 1720 qui
755 1638 890 1698 vocatur
913 1629 1090 1697 casalemea
1114 1625 1280 1696 territorio
1303 1626 1467 1698 liburiano
1493 1627 1589 1697 etde
1613 1647 1725 1696 onmes
1749 1635 1851 1696 terras
1881 1651 1923 1698 err
1950 1651 2002 1698 eas
2017 1653 2098 1723 per-

672 1751 810 1821 tinentes
834 1750 955 1844 campis
981 1749 1071 1819 silvis
1095 1748 1219 1820 cultum
1243 1759 1276 1820 ct
1299 1749 1458 1821 incultum
1489 1748 1623 1820 hortuas
1654 1750 1819 1820 curtaneis
1851 1749 2038 1847 longinquis
2062 1771 2099 1827 er

674 1876 866 1972 propinquis
889 1886 923 1947 et
946 1898 1022 1948 cum
1045 1877 1340 1971 appendicibusque
1370 1878 1437 1948 suis
1460 1876 1676 1970 omnibusque
1700 1877 1747 1949 eis
1770 1863 2016 1971 pertinentibus
2040 1885 2098 1976 qui

675 2006 830 2077 indivisas
853 2005 994 2076 reiaccnt
1017 2028 1094 2076 cum
1118 2004 1196 2076 alias
1220 2015 1252 2076 et
1275 2004 1396 2076 similes
1419 2027 1477 2076 serr
1496 2005 1608 2076 uncias
1631 2027 1728 2078 meas.
1762 2007 1849 2079 unde
1872 2007 1956 2078 nihil
1981 2009 2040 2079 tibi
2063 2011 2099 2080 in

675 2133 844 2202 nominato
867 2131 941 2201 loeo
965 2131 1140 2202 casalerrea
1174 2128 1306 2223 aliquod
1341 2129 1458 2202 exinde
1492 2129 1679 2202 reserbastis
1710 2132 1805 2202 sicuti
1840 2141 1872 2202 et
1896 2137 2100 2227 quommodo

676 2279 749 2328 mea
772 2255 916 2326 continet
938 2253 1084 2325 chartula
1107 2276 1206 2348 quam
1229 2251 1311 2323 mihi
1335 2252 1453 2324 exinde
1488 2253 1607 2324 lecistis
1631 2253 1666 2323 in
1690 2275 1820 2325 omnem
1855 2255 2018 2327 decisione
2041 2281 2100 2330 seu

678 2382 951 2454 deliberationem.
974 2381 1061 2466 Quia
1084 2381 1129 2450 ita
1152 2380 1237 2450 inter
1260 2379 1354 2452 nobis
1378 2379 1564 2452 combenit:
1591 2381 1626 2450 Si
1649 2391 1758 2452 autem
1791 2404 1853 2476 ego
1883 2393 1941 2454 aut
1965 2383 2101 2458 heredes

678 2510 759 2582 meis
782 2509 900 2604 quovis
924 2519 1069 2602 tempore
1093 2517 1205 2580 contra
1228 2509 1312 2579 banc
1336 2507 1514 2578 chartulam
1549 2507 1810 2578 commutationis
1844 2517 1882 2578 ut
1916 2533 2014 2604 super
2046 2511 2102 2581 le-

678 2633 767 2726 gitur
790 2632 903 2704 venire
927 2633 1196 2726 presumserimus
1221 2631 1312 2702 etin
1336 2629 1458 2724 aliquid
1482 2629 1710 2700 offenderimus
1733 2653 1792 2724 per
1815 2632 1933 2726 quovis
1964 2635 2102 2706 modum

679 2769 735 2832 aut
758 2759 934 2832 summissis
958 2760 1116 2852 personis.
1144 2769 1220 2828 tunc
1244 2757 1468 2851 componimus
1490 2757 1585 2828 vobis
1617 2756 1822 2852 posterisque
1853 2760 1969 2830 vestris
1991 2761 2103 2832 nomi-

678 2897 822 2982 natoque
845 2897 955 2960 vestro
977 2887 1174 2958 monasterio
1197 2887 1270 2957 auri
1295 2887 1376 2957 libra
1400 2909 1466 2959 una
1487 2886 1651 2980 bytiantca
1675 2895 1708 2956 et
1724 2886 1784 2957 bec
1801 2886 1947 2960 chartula
1963 2889 2103 2984 qualiter

678 3013 820 3085 continet
845 3013 937 3085 firma
961 3020 1146 3106 permaneat
1169 3016 1203 3081 in
1225 3021 1420 3106 perpetuum
1442 3009 1559 3104 scripta
1588 3033 1647 3104 per
1671 3031 1785 3081 marrus
1817 3009 1951 3086 iohanni
1986 3014 2104 3084 curiali

678 3139 817 3213 scribere
840 3140 955 3234 rogari
978 3139 1031 3212 die
1056 3149 1088 3210 et
1111 3138 1285 3210 indictione
1309 3137 1473 3208 nominata
1505 3138 1644 3208 secunda
1668 3135 1714 3231 †.
1730 3187 1740 3207 .
1754 3185 1764 3206 .
1779 3183 1789 3204 .
1807 3135 1885 3207 alias
1912 3161 2096 3211 manus...

775 3269 847 3340 Hoc
871 3269 1000 3360 siguum
1016 3265 1047 3361 †
1062 3288 1176 3337 manus
1200 3265 1366 3336 nominate
1390 3265 1546 3360 euprarie
1561 3265 1697 3336 honesta
1720 3265 1838 3336 lemine
1856 3264 1952 3360 quod'
1969 3289 2031 3361 ego
2046 3269 2103 3362 qui

679 3388 862 3464 nominatos
885 3411 946 3480 pro
970 3413 1007 3460 ea
1031 3388 1203 3481 subscripti
1226 3385 1270 3482 †.
1296 3397 1329 3459 et
1351 3387 1415 3458 hoe
1438 3399 1616 3460 memorata
1640 3411 1712 3460 sum
1744 3397 1782 3460 ut
1812 3387 1995 3462 nullatenus
2024 3417 2105 3487 pre-

679 3517 841 3581 summent
863 3518 900 3580 tu
925 3516 981 3578 aut
1003 3507 1139 3599 posteris
1162 3507 1226 3578 tuis
1257 3531 1310 3578 me
1334 3529 1489 3600 meosque
1524 3507 1659 3580 heredes
1690 3529 1828 3602 querere
1851 3529 1913 3600 pro
1936 3511 2031 3582 terris
2065 3514 2105 3584 de

680 3636 847 3708 nominato
869 3635 943 3706 loco
966 3637 1143 3705 casalerrea
1166 3643 1302 3728 quantas
1325 3655 1384 3727 per
1407 3635 1647 3706 concessionem
1674 3634 1790 3707 habuit
1821 3637 1988 3708 nominato
2022 3661 2105 3730 ger-

680 3788 777 3838 mano
799 3787 874 3838 meo
897 3764 998 3836 setin
1020 3785 1092 3834 mea
1120 3762 1268 3856 meisque
1296 3761 1470 3832 heredibus
1504 3761 1568 3832 sint
1604 3772 1761 3856 potestate
1794 3763 1954 3858 quidquid
1989 3767 2105 3840 exinde

680 3893 785 3965 lacere
817 3890 1017 3964 voluerimus
1024 3937 1202 3960 ........
1209 3887 1357 3959 similiter
1380 3899 1413 3959 et
1436 3887 1497 3958 alia
1521 3910 1647 3959 manus.

782 4013 906 4115 †ruo
930 4035 1091 4092 roruuuc
1117 4033 1267 4089 omrorc
1292 4007 1344 4084 n'r‘r
1364 4031 1475 4087 rnnu
1503 4030 1694 4092 norrrorc
1722 4035 1748 4089 a
1765 4002 1862 4092 'cou'r
1895 4037 2107 4098 sornrrcur

683 4157 791 4213 Tuon
813 4137 910 4212 c'b'r‘rr
928 4138 976 4233 †.
1006 4138 1154 4209 similiter
1184 4137 1273 4208 testis

780 4277 806 4357 †
826 4283 898 4337 nro
918 4283 1094 4342 cremore
1114 4277 1265 4335 errrore
1286 4255 1340 4332 fi
1358 4279 1493 4335 naemu
1501 4307 1703 4334 .........
1711 4261 1773 4333 alia
1801 4287 1915 4338 manus
1922 4311 2101 4336 ........

775 4386 808 4482 †
829 4389 901 4484 Ego
923 4390 1063 4461 stelenus
1085 4388 1170 4462 filius
1194 4388 1316 4463 domini
1339 4389 1452 4460 stelani
1458 4433 1685 4461 ..........
1708 4412 1750 4460 na
1773 4401 1807 4462 et
1829 4391 1964 4464 testibus
1988 4403 2021 4463 et
2043 4393 2106 4464 alia

678 4537 792 4589 manus
800 4567 952 4587 .......

774 4638 903 4735 †Ego
925 4639 1081 4712 iohannes
1104 4639 1241 4714 Curialis
1264 4641 1323 4734 qui
1346 4639 1530 4711 nominatos
1561 4649 1635 4733 post
1667 4641 1939 4735 subscriptionem
1971 4645 2103 4720 testium

681 4767 840 4862 complevi
864 4776 897 4839 et
919 4766 1043 4838 absolvi
1067 4765 1120 4838 die
1144 4776 1176 4838 et
1200 4764 1374 4836 indictione
1397 4763 1562 4834 nominata
1588 4763 1775 4859 secunda†

775 4893 809 4988 †
831 4897 904 4990 Ego
928 4895 1098 4992 gregorius
1121 4893 1294 4989 primarius
1316 4891 1414 4965 Curia
1439 4890 1537 4964 buius
1560 4892 1698 4963 civitatis
1722 4894 1864 4988 neapolis
1898 4895 1960 4968 bec
1993 4921 2109 4970 exem·
