4616 6532
1288 497 1305 586 (
1332 506 1373 562 2⁰
1398 496 1411 590 l

642 651 666 718 ti
696 650 782 721 inter
815 673 849 719 se
880 650 985 743 paries
1008 649 1155 719 enlinat:
1190 658 1221 718 et
1246 673 1287 718 ex
1312 649 1376 718 alio
1399 649 1498 718 latere
1523 671 1541 714 a
1565 655 1656 738 parte
1684 644 1910 736 septentrionis
1934 643 2072 714 coheret

643 779 710 870 ipse
735 780 941 850 carbonarius
964 777 1113 870 publicus
1136 785 1168 846 et
1192 801 1234 846 ex
1258 777 1324 845 alio
1348 778 1452 868 capite
1477 800 1495 842 a
1521 785 1610 867 parte
1635 771 1810 844 occidentis
1830 772 1961 842 coheret
1980 784 2069 842 terra

652 952 803 968 .......
812 900 987 994 dequibus
1010 899 1092 968 nihil
1114 897 1197 966 mihi
1222 899 1260 968 de
1284 898 1352 990 ipsa
1376 897 1524 990 portione
1549 919 1616 964 meo
1634 897 1750 967 exinde
1768 896 1899 990 aliquod
1916 897 2073 966 remansit

644 1037 700 1093 aut
715 1023 877 1096 reservavi
901 1047 961 1093 nec
985 1023 1019 1090 in
1044 1022 1183 1092 alienam
1200 1021 1357 1114 cuiusque
1374 1043 1544 1113 personam
1561 1021 1650 1112 quod
1664 1019 1747 1088 absit
1763 1019 1912 1088 commisi
1930 1031 1985 1088 aut
2002 1023 2068 1087 iam

645 1153 813 1222 committo
838 1159 1050 1243 potestatem:
1077 1159 1110 1220 et
1133 1173 1151 1216 a
1175 1148 1316 1240 presenti
1340 1147 1393 1218 die
1417 1157 1449 1217 et
1465 1149 1614 1239 deinceps
1627 1145 1851 1238 prenominata
1868 1145 1977 1214 inclita
1996 1145 2067 1235 ipsa

643 1280 793 1370 portione
818 1301 889 1346 mea
914 1278 954 1347 de
978 1285 1156 1346 memorata
1181 1285 1267 1344 terra
1291 1298 1355 1368 que
1379 1285 1515 1342 vocatur
1538 1275 1670 1342 mandre
1693 1283 1727 1342 et
1749 1275 1789 1343 de
1806 1285 1983 1341 memorata
2001 1274 2066 1340 sala

644 1407 777 1474 insimul
800 1405 858 1497 qui
882 1415 930 1474 est
953 1405 1045 1473 iuxta
1069 1403 1175 1496 ipsum
1200 1424 1331 1472 murum
1355 1425 1418 1470 una
1445 1421 1521 1468 cum
1538 1400 1685 1468 introitas
1701 1421 1774 1468 suas
1791 1409 1823 1468 et
1839 1397 1991 1467 omnibus
2006 1400 2069 1468 sisi

646 1528 880 1622 pertinentibus
904 1530 989 1598 unde
1013 1527 1095 1596 nihil
1118 1527 1201 1597 milri
1225 1528 1264 1596 de
1288 1526 1356 1617 ipsa
1375 1526 1524 1617 portione
1541 1547 1613 1594 mea
1629 1523 1746 1594 exinde
1762 1523 1893 1616 aliquod
1913 1526 2067 1594 remansit

645 1655 729 1722 sicut
753 1654 900 1744 superius
923 1653 1042 1744 legitur
1066 1652 1134 1742 ipsa
1158 1650 1307 1742 portione
1324 1671 1396 1718 mea
1414 1647 1530 1717 exinde
1548 1647 1582 1716 in
1598 1648 1725 1738 integro
1742 1669 1817 1715 cum
1835 1647 1987 1717 omnibus
2002 1649 2068 1717 sivi

646 1779 877 1871 pertinentibus
915 1789 952 1846 ut
987 1801 1083 1870 super
1114 1776 1233 1867 legitur
1268 1798 1329 1868 pro
1353 1797 1425 1844 mea
1449 1774 1556 1843 anima
1579 1774 1644 1844 sint
1675 1774 1819 1843 oblatum
1850 1785 1883 1844 et
1915 1776 2071 1845 traditum

645 1907 679 1974 in
704 1914 884 1974 memorato
908 1903 1104 1972 monasterio
1127 1903 1228 1971 sancti
1251 1903 1382 1972 martini
1405 1903 1586 1994 puellarum
1611 1902 1661 1974 dei
1687 1903 1742 1972 ubi
1759 1914 1795 1972 tu
1813 1905 1944 1973 domina
1960 1903 2070 1974 militu

645 2032 699 2100 cui
724 2054 820 2122 super
843 2053 963 2100 nornen
986 2029 1124 2098 rotunda
1150 2031 1197 2124 (l)
1222 2029 1368 2122 regimen
1392 2028 1620 2098 abbatissatum
1644 2037 1754 2100 unere
1769 2029 1890 2100 rideris
1906 2029 1942 2098 in
1965 2043 2072 2100 restra

643 2516 785 2590 politurae
800 2515 948 2585 ecclesie,
969 2529 1122 2578 annuente
1136 2517 1391 2599 Arcbiepiscopo‚
1413 2520 1598 2601 permutavit
1620 2516 1682 2577 duo
1695 2519 1784 2597 petia
1798 2527 1876 2578 terre
1892 2520 1930 2579 ad
1947 2522 1976 2580 S.
1993 2523 2073 2581 star-

647 2628 701 2686 tini
723 2627 881 2686 ecclesiam
901 2631 1095 2709 spectantia,
1123 2643 1153 2688 et
1178 2629 1280 2708 posito
1302 2633 1395 2689 iuxta
1416 2649 1546 2689 uturum
1564 2628 1730 2708 publicum
1754 2629 1892 2690 civitatis
1912 2634 2073 2711 Neapolis.

648 2741 726 2798 Cum
745 2757 817 2797 sero
837 2758 977 2818 praesens
997 2753 1097 2797 nostra
1116 2739 1292 2798 membrana
1314 2741 1384 2798 item
1409 2737 1519 2797 intrarat
1540 2753 1650 2800 terram
1673 2739 1838 2820 quamdam
1864 2742 2076 2802 cohaerentem

647 2871 738 2910 nrum
752 2850 906 2929 publico,
936 2852 1008 2912 hinc
1037 2851 1157 2911 sortasse
1178 2853 1289 2912 coniici
1310 2866 1405 2932 potest
1427 2853 1582 2912 ecclesiam
1611 2873 1699 2926 eam,
1726 2851 1765 2913 de
1786 2875 1847 2934 qua
1868 2855 2002 2916 meminit
2023 2855 2075 2913 in-

647 2978 851 3024 strumentum
873 2966 946 3024 anni
966 2981 1061 3046 1227,
1083 2967 1262 3044 pertinuisse
1278 2964 1315 3024 ad
1330 2967 1568 3040 monasterium,
1591 2968 1676 3024 cuius
1691 2965 1870 3024 mentionem
1884 2967 1972 3025 habet
1986 2985 2078 3045 prae-

646 3099 708 3138 sens
735 3079 936 3150 membrana,
970 3091 1062 3157 atque
1082 3075 1195 3136 idcirco
1216 3078 1430 3137 monasterium
1451 3079 1551 3158 ipsum
1570 3077 1722 3150 extitisse,
1744 3078 1795 3137 ubi
1815 3075 1953 3138 eamdem
1972 3077 2077 3138 eccle-

647 3192 720 3248 siam
743 3185 891 3244 conditam
907 3186 994 3245 fuisse
1009 3200 1207 3245 memoratum
1228 3187 1463 3246 instrumentum
1484 3187 1579 3248 docet.

726 3301 876 3378 Suspicari
898 3319 986 3380 porro
1006 3299 1086 3358 subit
1106 3300 1243 3358 animum
1264 3301 1477 3359 monasterium
1497 3301 1554 3360 hoc
1566 3346 1574 3376 ‚
1597 3323 1660 3383 quo
1681 3303 1804 3365 saeculo
1820 3305 1852 3366 X
1873 3303 1997 3385 puellae
2018 3305 2073 3363 de-

646 3416 781 3492 gebant,
804 3413 848 3469 uti
870 3431 1004 3491 praesens
1024 3424 1149 3472 testatur
1169 3411 1368 3485 membrana,
1391 3412 1514 3473 sortasse
1535 3435 1595 3473 non
1615 3413 1703 3475 fuisse
1734 3416 1820 3476 aliud
1846 3418 1885 3476 ab
1907 3437 1962 3490 eo,
1992 3417 2072 3498 quod

647 3523 769 3583 saeculo
790 3523 844 3580 Vl.
865 3521 1069 3582 benedictinos
1090 3523 1251 3583 monachos
1273 3537 1436 3603 exceperat.
1458 3523 1536 3583 Nam
1557 3524 1708 3605 quoddam
1729 3526 1759 3584 S.
1780 3528 1901 3586 Martini
1928 3544 2075 3590 monaste-

649 3639 728 3696 rium
750 3651 823 3695 tunc
844 3636 987 3717 temporis
1008 3635 1137 3718 Neapoli
1158 3637 1289 3696 extitisse
1310 3637 1412 3716 palam
1432 3636 1552 3696 faciunt
1567 3637 1644 3697 duae
1662 3639 1692 3697 S.
1706 3639 1843 3719 Gregorii
1857 3641 1899 3699 M.
1915 3642 2071 3722 epistolae,

648 3751 786 3810 nimirum
808 3748 935 3822 xxltt,
959 3762 989 3809 ct
1009 3750 1107 3810 Lvtt.
1127 3749 1200 3808 libri
1220 3753 1272 3826 lt,
1294 3771 1422 3830 quarum
1443 3753 1538 3832 priore
1560 3771 1697 3811 summus
1719 3750 1774 3810 ille
1792 3753 1931 3813 Pontifex
1951 3754 2072 3814 abbatis

646 3863 778 3922 eiusdem
800 3861 972 3924 monasterii
992 3883 1103 3922 munus
1118 3861 1291 3923 Secundino
1313 3861 1471 3942 abrogari,
1495 3861 1589 3921 altera
1609 3883 1680 3922 vero
1701 3883 1737 3921 er
1758 3863 1851 3944 ipsius
1872 3864 2002 3924 caenobii
2022 3885 2074 3923 ec·

647 3977 734 4036 clcsia
756 3976 963 4055 baptisterium
985 3974 1115 4033 amoveri
1133 3987 1265 4054 propter
1284 3977 1489 4034 insolentiam
1511 3977 1738 4034 monachorum
1760 3977 1850 4037 iussit.
1872 3976 2074 4038 benedictinos

647 4105 745 4147 antem
760 4089 847 4144 l'uisse
858 4087 1015 4146 monachos
1025 4089 1093 4144 istos
1108 4086 1251 4145 adfirmat
1261 4086 1452 4145 dlabillonius
1466 4087 1569 4168 (Anu.
1581 4089 1700 4148 Bened.
1715 4093 1785 4150 T.I.
1801 4090 1846 4150 ad
1853 4107 1972 4148 annum
1984 4089 2070 4170 691).

730 4200 775 4280 (4)
797 4201 1020 4282 Supranomina
1036 4245 1045 4274 ‚
1078 4201 1209 4282 quaein
1234 4203 1344 4261 uostris
1366 4202 1455 4260 huius
1476 4205 1543 4263 aevi
1570 4202 1758 4264 documentis
1786 4217 1949 4265 occurrunt
1964 4247 1976 4274 ,
2006 4226 2071 4266 non

644 4313 821 4374 huiusmodi
842 4333 961 4394 semper
981 4313 1096 4386 fuisse,
1119 4329 1152 4374 ut
1172 4335 1243 4374 cum
1264 4315 1464 4391 hominibus,
1498 4317 1611 4395 quibus
1633 4317 1853 4392 adhaeserant,
1885 4321 2068 4394 interirent,

646 4425 696 4485 sed
718 4423 756 4484 ad
779 4445 886 4484 eorum
906 4437 1037 4506 posteros
1058 4422 1195 4482 traducta
1217 4423 1405 4504 quandoque
1431 4425 1521 4486 luisse
1545 4441 1573 4486 et
1598 4433 1777 4509 cognomina
1802 4429 1927 4490 evasisse
1952 4445 2033 4509 patet
2057 4452 2073 4490 e

648 4532 843 4608 documento,
867 4531 951 4612 quod
971 4534 1108 4613 sequitur
1128 4532 1184 4590 sub
1206 4553 1334 4592 numero
1354 4534 1438 4594 XVl.
1460 4537 1599 4617 Namque
1621 4539 1653 4596 in
1675 4559 1709 4597 eo
1735 4537 1796 4598 duo
1815 4541 1952 4618 germani
1973 4539 2073 4599 fratres

648 4644 755 4704 eodem
776 4645 1009 4724 supranomine,
1030 4666 1138 4726 nempe
1152 4643 1327 4722 Magnifice
1344 4646 1524 4717 donantur,
1545 4664 1574 4707 et
1596 4649 1711 4710 duobus
1732 4654 1849 4732 agnatis
1869 4671 2073 4733 supranomen

646 4756 836 4814 Strom'olum
858 4755 995 4816 additur.
1015 4756 1042 4815 F
1045 4755 1201 4814 ridericins
1222 4757 1253 4812 in
1275 4758 1422 4816 caietanis
1443 4761 1650 4820 instrumentis
1669 4762 1708 4820 ab
1734 4762 1820 4823 Vlll.
1841 4761 1880 4822 ad
1906 4761 1947 4821 X.
1968 4783 2073 4825 saecu·

646 4870 713 4930 lum
734 4891 794 4928 non
814 4891 911 4950 pauca
937 4885 1045 4930 nactus
1072 4884 1117 4930 est
1144 4873 1383 4948 supranomina,
1411 4892 1487 4950 quae
1516 4873 1552 4930 ab
1566 4873 1711 4935 hodiernis
1732 4877 1963 4955 cognominibus
1987 4875 2072 4935 haud
