4658 6508
878 636 956 729 (⁹¹
985 639 997 730 l

837 927 942 996 XXV!
967 926 1029 1022 (t).

314 1187 350 1253 ln
375 1185 508 1256 nomine
532 1184 657 1256 domini
680 1186 733 1256 dei
755 1182 924 1254 salvatoris
947 1183 1050 1253 nostri
1073 1180 1166 1253 ihesu
1181 1181 1293 1254 christi
1316 1184 1494 1277 imperante
1510 1183 1643 1255 domino
1713 1227 1767 1274 an,

217 1318 330 1378 nostro
346 1310 554 1379 Constantino
570 1309 804 1404 porbrogcnito
820 1327 939 1400 magno
962 1307 1158 1400 imperatore
1181 1327 1266 1376 auno
1284 1305 1440 1378 vicesimo
1455 1329 1559 1378 nono:
1586 1310 1643 1380 sed
1698 1339 1779 1403 937,

217 1447 250 1504 ct
274 1456 412 1505 romano
435 1458 555 1529 magno
579 1435 775 1526 imperatore
799 1454 885 1502 anno
908 1431 1130 1504 sextodecimo
1145 1432 1199 1504 die
1214 1431 1349 1526 septima
1364 1433 1485 1504 mensis
1506 1434 1644 1504 ianuarii

215 1562 393 1634 indictione
418 1563 544 1634 decima
567 1562 708 1655 neapoli:
727 1562 860 1633 Certum
885 1571 933 1632 est
956 1582 1016 1632 nos
1031 1558 1251 1631 theofilactum
1267 1569 1300 1629 et
1315 1559 1498 1652 aligernum
1514 1582 1644 1653 quaque

217 1695 347 1774 penum
371 1685 534 1778 germanis
558 1685 634 1755 filiis
658 1685 792 1778 quidem
814 1683 939 1756 domini
969 1681 1119 1753 iohannis
1151 1681 1263 1752 militis
1290 1693 1322 1754 et
1350 1683 1484 1777 quidem
1515 1684 1645 1753 domine

215 1809 318 1877 maria
342 1807 506 1900 iugalibus
529 1831 754 1900 personarum:
773 1832 791 1876 a
808 1807 949 1900 presenti
971 1805 1024 1878 die
1040 1807 1261 1899 promittimus
1284 1807 1378 1878 vobis
1402 1807 1560 1902 stephano
1577 1807 1645 1875 filio

215 1934 350 2024 quidem
359 1981 609 2003 ...........
617 1945 650 2004 et
673 1933 909 2004 habitatoribus
932 1933 967 2003 in
999 1955 1111 2003 soma:
1138 1941 1271 2028 propter
1295 1934 1385 2026 quod
1408 1955 1468 2004 vos
1491 1933 1585 2004 nobis
1610 1934 1644 2002 in

215 2061 421 2153 pagationem
445 2061 576 2132 dedistis
600 2071 633 2132 et
656 2061 834 2134 tradidistis
857 2061 891 2130 in
908 2079 1054 2130 nostram
1070 2059 1301 2152 proprietatem
1318 2060 1359 2131 dc
1373 2069 1483 2128 ortum
1498 2071 1644 2130 vestrum

215 2190 307 2278 quod
331 2199 555 2280 comparatum
579 2189 704 2260 habetis
721 2211 761 2258 oc
778 2201 826 2259 est
850 2213 869 2258 a
893 2196 987 2284 parte
1002 2186 1178 2258 occidentis
1195 2211 1212 2257 a
1231 2187 1295 2258 fine
1311 2187 1352 2259 de
1368 2197 1478 2260 ortum
1495 2199 1642 2260 nostrum

215 2319 248 2376 ct
272 2333 376 2402 usque
401 2311 441 2380 ad
467 2313 603 2384 termine
638 2334 703 2406 que
726 2312 810 2384 inter
833 2333 892 2384 nos
915 2333 974 2403 per
997 2311 1177 2384 trabersum
1209 2312 1377 2406 posuimus
1403 2314 1569 2386 liniendo:
1602 2319 1642 2388 ad

213 2458 366 2505 mensura
391 2439 431 2508 de
454 2439 656 2530 longitudine
679 2463 790 2532 passos
813 2462 872 2508 sex
898 2441 939 2510 ad
964 2461 1092 2533 passum
1116 2449 1224 2511 sancte
1240 2439 1441 2532 neapolitano
1458 2441 1590 2514 ecclesie
1609 2453 1641 2514 et

214 2562 256 2630 de
281 2561 449 2633 latitudine
474 2573 633 2656 quantum
657 2575 705 2634 est
727 2565 796 2656 ipse
820 2573 913 2633 ortus
936 2564 996 2657 qui
1019 2573 1052 2634 et
1075 2562 1236 2656 quoheret
1259 2563 1323 2634 sivi
1346 2590 1366 2635 a
1389 2575 1480 2657 parte
1504 2576 1640 2660 septen-

213 2685 327 2754 trionis
347 2697 379 2756 et
403 2687 444 2755 ab
467 2689 632 2760 occidente
655 2699 766 2758 ortum
789 2699 949 2758 nostrum:
968 2711 987 2756 a
1005 2698 1095 2779 parte
1108 2687 1288 2758 meridiana
1302 2697 1412 2759 ortum
1432 2687 1640 2784 iohaquinthi

212 2811 458 2882 vicedominiza
481 2825 572 2905 parte
596 2815 730 2885 orientis
753 2814 891 2885 relicum
916 2823 965 2884 est
987 2813 1095 2906 ipsum
1118 2823 1229 2883 ortum
1244 2815 1334 2908 quod
1358 2815 1393 2885 in
1416 2826 1557 2887 vestram
1580 2841 1641 2886 re-

212 2938 364 3006 servastis
387 2947 577 3030 potestatem
602 2950 639 3009 ut
662 2940 703 3008 ab
726 2939 860 3018 odierna
884 2939 938 3009 die
960 2937 995 3007 in
1020 2947 1133 3007 nostra
1156 2947 1189 3007 et
1207 2939 1247 3008 de
1263 2939 1380 3009 nostris
1397 2939 1570 3010 heredibus
1583 2964 1642 3013 es-

213 3071 284 3133 scnt
306 3074 498 3155 potestatem
521 3065 682 3157 quidquid
711 3065 829 3135 exinde
861 3066 967 3134 facere
994 3063 1196 3134 voluerimus
1228 3064 1324 3134 sicuti
1354 3073 1465 3134 nostra
1497 3067 1641 3137 continet

213 3186 360 3275 chartula
376 3209 477 3278 quam
493 3208 553 3256 vos
569 3187 663 3256 nobis
678 3187 817 3258 lecistis:
845 3185 985 3280 ideoque
1002 3195 1035 3256 ct
1058 3207 1118 3254 nos
1141 3182 1305 3256 licentiam
1322 3184 1471 3256 dedimus
1495 3187 1641 3259 vobisut

213 3334 272 3380 vos
288 3335 360 3382 casa
383 3315 489 3384 lacere
513 3323 546 3383 et
569 3313 695 3406 erigere
719 3311 862 3383 debeatis
885 3313 920 3381 in
943 3301 1054 3404 ipsum'
1075 3310 1212 3381 relicum
1236 3310 1325 3404 quod
1340 3310 1438 3382 vobis
1453 3315 1640 3383 reservastis
1755 3351 1760 3360 ,

213 3460 231 3504 a
255 3447 347 3527 parte
371 3437 506 3508 orientis
530 3447 562 3507 ct
586 3436 706 3506 caiam
722 3438 840 3506 laetam
856 3435 981 3507 habetis
1004 3445 1037 3507 et
1061 3435 1244 3506 nullatcnus
1267 3436 1340 3527 plus
1357 3435 1426 3529 ipsa
1442 3459 1515 3508 cesa
1532 3439 1639 3510 iacere
1688 3421 1689 3424 Ἴ

211 3566 438 3657 presummetis
474 3587 535 3635 vos
570 3587 628 3634 nec
661 3563 778 3636 vestris
812 3562 987 3635 heredibus
1020 3585 1117 3656 super
1148 3573 1307 3657 quantum
1342 3566 1441 3636 modo
1477 3575 1527 3637 est
1556 3570 1639 3648 lacta

212 3716 271 3761 nec
295 3717 332 3762 ea
354 3693 428 3784 plus
450 3692 485 3760 in
509 3691 610 3760 altum
633 3693 782 3760 ascendet
804 3713 865 3760 nec
888 3715 907 3758 a
930 3701 1021 3782 parte
1053 3690 1279 3783 septentrionis
1313 3691 1354 3760 da
1385 3690 1493 3782 ipsum
1527 3704 1637 3764 ortum

212 3830 359 3886 nostrum
382 3816 529 3912 qualivet
559 3818 706 3886 foramen
730 3817 835 3885 lacere
870 3838 928 3909 per
950 3815 1078 3885 nullum
1111 3817 1266 3886 modum:
1293 3825 1327 3885 et
1355 3837 1414 3884 vos
1447 3827 1480 3888 et
1503 3817 1638 3894 heredes

213 3946 327 4014 vestris
350 3946 458 4036 ipsum
482 3951 593 4012 ortum
616 3966 681 4035 que
705 3942 798 4012 nobis
822 3940 954 4013 dedistis
979 3941 1020 4010 ab
1043 3943 1134 4012 omni
1154 3942 1264 4012 omine
1297 3941 1468 4013 defendere
1497 3943 1638 4016 debeatis

212 4072 307 4139 sicuti
331 4083 363 4140 et
387 4091 446 4139 nos
470 4069 563 4139 vobis
587 4092 649 4163 pro
672 4069 742 4162 ipsa
766 4092 839 4139 casa
863 4091 995 4139 omnem
1012 4069 1122 4138 omine
1145 4069 1185 4138 de
1207 4069 1315 4160 ipsum
1339 4067 1470 4140 licerem
1491 4093 1556 4163 que
1569 4095 1636 4142 vo-

211 4198 261 4265 bis
285 4195 456 4265 tribuimus
480 4217 612 4266 omnem
637 4194 747 4264 omine
771 4195 812 4265 de
835 4215 933 4286 super
956 4192 1070 4264 tollere
1086 4193 1306 4286 promittimus
1324 4202 1357 4263 et
1379 4213 1485 4286 neque
1509 4195 1636 4266 anobis

207 4346 314 4414 neque
339 4346 357 4388 a
381 4318 500 4388 nostris
524 4317 697 4390 heredibus
714 4340 895 4412 numquam
912 4341 973 4411 pro
999 4319 1069 4411 ipsa
1096 4341 1169 4388 casa
1188 4317 1332 4389 habeatis
1354 4318 1564 4412 requisitione
1578 4345 1636 4414 per

206 4447 333 4515 nullum
357 4445 494 4514 modum
518 4443 596 4537 quia
619 4443 703 4512 inter
727 4442 820 4512 nobis
845 4441 1022 4514 comvenit:
1050 4441 1078 4512 si
1102 4449 1210 4513 autem
1234 4451 1267 4510 et
1290 4451 1403 4511 contra
1427 4439 1510 4510 hanc
1533 4441 1635 4513 char-

291 4815 335 4896 (ι)
356 4816 512 4896 Specimen
534 4813 700 4875 characteris
720 4809 858 4885 curialis,
886 4829 976 4890 quem
998 4827 1126 4889 praesens
1146 4809 1312 4868 membrana
1333 4809 1471 4885 exhibet,
1494 4809 1584 4870 habes
1605 4814 1634 4870 in

209 4928 283 4988 Tab.
309 4930 344 4986 ll.
366 4949 393 4984 n.
417 4947 445 4986 2.
