4658 6508
866 677 985 778 (⁷⁹)

215 845 245 903 et
270 832 373 904 maria
397 833 523 928 iugales
547 857 705 929 germano
729 813 762 906 et
785 837 932 930 cognatis
955 837 1075 908 nostris
1108 861 1167 933 per
1202 837 1330 911 merissi
1362 838 1532 911 divisionis
1563 839 1646 910 sicut

213 961 282 1053 ipsa
304 962 433 1033 merissi
454 963 600 1037 continet
622 989 722 1059 quam
745 967 780 1035 in
803 968 946 1060 presenti
969 977 1049 1061 aput
1076 990 1136 1038 vos
1162 968 1367 1040 remisimus:
1399 979 1559 1062 quatenus
1587 990 1644 1060 per

212 1090 416 1163 coherentias
438 1091 531 1163 vobis
556 1115 594 1162 ea
617 1090 879 1162 insinuavimust
906 1094 946 1164 de
970 1117 1036 1188 qua
1059 1093 1144 1163 nihil
1165 1093 1261 1162 nobis
1278 1095 1395 1164 exinde
1418 1097 1573 1166 remansit
1589 1106 1644 1168 aut

210 1218 453 1287 reservavimus
468 1241 528 1289 nec
543 1217 578 1287 in
594 1218 733 1288 alienam
749 1239 923 1312 personam
949 1219 1174 1288 commisimus
1187 1226 1346 1312 potestate
1362 1243 1370 1286 ε
1389 1219 1447 1312 qui
1464 1230 1496 1290 et
1511 1220 1643 1292 coheret

211 1340 275 1410 sivi
300 1341 340 1410 ab
363 1363 431 1412 uno
455 1341 555 1414 latere
578 1353 671 1436 parte
693 1343 853 1414 borientis
876 1345 992 1414 domus
1013 1355 1045 1414 et
1061 1343 1230 1414 curticella
1245 1344 1419 1416 memorati
1446 1348 1640 1416 constantini

210 1481 243 1539 et
267 1470 367 1539 maria
392 1469 515 1563 iugales
539 1493 713 1564 germanos
737 1481 769 1543 et
792 1472 940 1564 cognatis
963 1471 1083 1542 nostris
1107 1471 1168 1567 qui
1191 1495 1249 1543 cos
1273 1498 1291 1542 a
1314 1475 1485 1567 nosipsos
1509 1475 1636 1567 tetigit:

210 1594 262 1663 ab
284 1595 450 1666 occidente
474 1604 584 1666 autem
608 1605 699 1689 parte
723 1597 857 1670 coheret
880 1597 973 1669 bicus
996 1599 1146 1691 publicus
1169 1623 1230 1693 per
1251 1624 1317 1694 qua
1334 1601 1498 1671 descendit
1520 1623 1639 1694 aquaa

209 1719 341 1788 fistola:
373 1721 404 1789 Α
431 1720 665 1814 septemtrione
688 1745 822 1815 quoque
845 1733 937 1816 parte
961 1733 1009 1794 est
1037 1724 1186 1795 trasenda
1215 1724 1262 1820 (3)
1282 1723 1538 1794 communalem:
1565 1731 1598 1792 et
1621 1747 1639 1792 a

208 1857 300 1934 parte
314 1842 493 1914 meridiana
510 1849 563 1914 est'
576 1842 760 1916 domucella
775 1847 845 1916 ursi
861 1847 948 1917 filius
963 1846 1088 1918 domini
1105 1848 1250 1940 gregorii
1266 1845 1419 1917 monachi
1436 1845 1485 1940 (l)
1502 1869 1510 1914 ε
1536 1847 1584 1912 lta
1601 1857 1638 1914 ut

207 1969 250 2038 ha
267 1992 352 2040 nunc
369 1985 401 2042 et
417 1972 566 2064 deinceps
581 1971 734 2043 iamdicta
749 1975 866 2046 domus
885 1983 996 2045 nostra
1011 1974 1117 2068 posita
1132 1974 1168 2046 in
1183 1984 1362 2047 memorata
1379 1972 1514 2066 regione
1530 1970 1635 2041 balnei

206 2094 285 2168 nobi
309 2119 386 2167 cum
410 2096 620 2167 inferioribus
643 2107 676 2168 et
698 2098 922 2191 superioribus
944 2099 1011 2170 suis
1034 2109 1067 2170 et
1096 2123 1173 2173 cum
1207 2099 1359 2172 alteribus
1390 2107 1424 2169 et
1454 2097 1634 2191 aspectibus

288 2443 333 2526 (3)
355 2447 542 2522 Masada,
570 2450 631 2508 sive
655 2448 825 2510 tranamda
849 2447 929 2511 dicta
950 2464 994 2510 est
1017 2453 1069 2510 via
1089 2451 1206 2510 arctior.

284 2556 330 2638 (4)
351 2560 417 2618 Non
436 2579 549 2641 paucae
568 2559 692 2642 quidem
714 2563 904 2622 membranae
924 2561 1042 2623 saeculo
1061 2563 1101 2624 X
1118 2564 1301 2646 conscriptae
1321 2561 1502 2623 mentionem
1522 2556 1634 2617 habent

204 2669 364 2745 filiorum,
384 2671 494 2753 quibus
514 2672 681 2755 presbyteri
703 2688 757 2734 aut
777 2674 916 2734 monachi
936 2677 1081 2754 genitores
1101 2675 1237 2734 luerunt.
1258 2679 1445 2754 Quanquam
1467 2669 1527 2729 dici
1542 2681 1637 2748 queat

201 2782 312 2842 horum
331 2781 478 2863 quosdam
499 2804 605 2844 uxores
626 2783 765 2861 duxisse,
790 2805 824 2845 ac
844 2784 953 2846 liberos
974 2785 1155 2866 suscepisse,
1185 2798 1346 2864 antequam
1372 2785 1461 2844 sacris
1487 2779 1641 2840 ordinibus

202 2893 332 2954 luissent
351 2894 482 2970 initiati,
505 2892 654 2973 quosdam
675 2915 748 2954 vero
761 2899 889 2958 Graecos
908 2895 1020 2972 fuisse,
1041 2899 1290 2975 Graecorumque
1309 2893 1416 2956 ritibus
1437 2891 1640 2973 obtemperas·

201 3028 256 3083 se,
278 3019 418 3066 neutrum
440 3021 539 3068 tamen
558 3009 597 3070 de
619 3007 825 3090 compluribus
846 3009 911 3069 aliis
931 3006 1086 3066 adfirmari
1098 3019 1214 3089 potest,
1235 3027 1306 3065 cum
1327 3005 1447 3064 omnino
1467 3015 1570 3084 pateat
1582 3001 1637 3062 bos

201 3113 289 3176 fuisse
309 3114 453 3192 Latinos,
475 3131 506 3177 et
526 3117 670 3176 uxoribus
685 3118 830 3194 sociatos,
854 3117 971 3176 etiamsi
991 3114 1158 3198 presbyteri
1180 3135 1216 3174 ac
1232 3113 1373 3174 monachi
1392 3115 1454 3173 iarn
1468 3113 1636 3174 evasissent.

202 3230 248 3288 Re
269 3226 392 3309 quidem
406 3247 476 3288 vera
491 3229 661 3309 primaevae
681 3228 823 3290 ecclesiae
843 3248 990 3303 canones,
1013 3228 1126 3310 quibus
1146 3227 1326 3286 continentia
1341 3224 1550 3286 ecclesiasticis
1570 3224 1641 3286 viris

202 3337 405 3417 maximopere
425 3337 709 3414 commendabatur,
723 3338 844 3400 saeculo
859 3339 901 3399 X.
916 3339 1055 3419 pristinae
1075 3340 1258 3399 auctoritatis
1270 3336 1440 3421 plurimum
1455 3337 1637 3411 amiserunt,

201 3465 231 3509 et
251 3451 468 3511 connubiorum
495 3449 679 3512 consuetudo
707 3473 724 3511 a
746 3453 930 3514 Graecorum
955 3450 1094 3535 exemplo
1120 3451 1253 3534 prosecta
1278 3451 1375 3532 vulgo
1401 3449 1484 3534 apud
1509 3449 1637 3510 Clericos

201 3565 367 3640 obtinebat,
382 3566 426 3623 uti
441 3578 586 3625 testantur
600 3563 733 3626 liodotas
754 3565 766 3649 (
781 3567 911 3646 Origine
925 3564 978 3625 del
991 3564 1067 3624 Rite
1083 3585 1180 3645 greco
1200 3568 1234 3626 in
1248 3565 1367 3634 Italia,
1380 3575 1399 3624 t.
1411 3567 1440 3626 I.
1448 3585 1525 3643 pag.
1539 3561 1630 3644 aas),

200 3692 232 3737 et
252 3677 442 3738 Muratorius
463 3677 534 3760 (A.
554 3681 606 3740 M.
630 3681 715 3740 Au.
739 3690 761 3738 t.
783 3683 833 3739 II.
851 3701 925 3760 pag.
947 3678 1037 3762 141).
1059 3679 1179 3740 Eadem
1200 3679 1277 3740 baec
1298 3679 1337 3738 ab
1355 3677 1563 3739 ecclesiastica
1583 3677 1633 3737 di·

199 3787 331 3871 seiplina
352 3787 481 3850 delectio
501 3789 583 3870 apud
605 3789 754 3872 quaedam
776 3791 869 3852 simul
888 3791 1067 3852 monasteria
1081 3791 1296 3871 grassabatur,
1321 3809 1354 3848 ac
1368 3789 1532 3872 praecipue
1545 3789 1627 3868 apud

198 3900 366 3978 Farsense‚
389 3916 423 3962 ut
442 3900 577 3983 prodidit
596 3902 699 3962 Abbas
719 3905 810 3983 Hugo
831 3903 862 3962 ia
884 3901 1034 3983 opusculo
1053 3901 1090 3963 de
1110 3901 1205 3962 buius
1219 3901 1360 3963 coenobii
1374 3899 1533 3963 eversione
1547 3901 1630 3980 apud

198 4013 432 4096 bluratorium(
460 4016 516 4094 Op.
537 4015 590 4073 cit.
612 4023 634 4074 t.
658 4017 720 4074 VI.
744 4033 780 4092 p.
801 4013 866 4074 282
887 4014 908 4098 ).
929 4017 1046 4075 Verum
1066 4015 1139 4074 binc
1159 4034 1250 4075 nemo
1270 4013 1326 4074 sibi
1349 4012 1475 4074 sortasse
1504 4032 1630 4093 persua-

198 4127 269 4186 deat
288 4124 394 4186 eodem
414 4124 474 4188 illo
493 4125 616 4188 saeculo
631 4127 671 4188 X.
688 4127 719 4186 in
732 4129 841 4188 nostris
860 4128 1034 4208 regionibus
1048 4148 1158 4189 uxores
1170 4125 1378 4189 ecelesiasticis
1394 4125 1541 4186 universis
1555 4125 1629 4186 luis-

197 4261 249 4312 se,
271 4255 343 4297 cuns
363 4251 468 4296 contra
488 4258 505 4295 a
526 4239 668 4317 coniugio
687 4235 837 4319 plurimos
857 4235 983 4318 quidem
1004 4235 1198 4320 presbyteros
1219 4234 1411 4296 abhorruisse
1432 4235 1519 4296 nobis
1538 4255 1625 4316 prae-

196 4365 240 4409 ter
262 4347 423 4429 complura
444 4345 503 4408 alia
525 4347 712 4408 documenta
732 4347 867 4408 ostendat
881 4359 1092 4410 testamentum
1106 4367 1123 4406 a
1138 4348 1273 4408 caietano
1284 4346 1384 4429 Ypato
1400 4345 1540 4406 Docibile
1551 4366 1624 4406 con-

197 4460 295 4520 ditum
314 4479 392 4519 anno
414 4459 496 4540 906,
519 4471 551 4519 et
572 4477 589 4516 a
610 4454 781 4518 Fridericio
804 4455 903 4540 (pag.
929 4476 986 4540 127
1009 4467 1040 4518 et
1057 4457 1168 4538 seqq.)
1202 4455 1404 4518 illustratum.
1441 4455 1519 4516 Cum
1538 4458 1620 4516 enim

194 4584 319 4633 testator
336 4570 380 4632 ibi
401 4565 493 4633 ludas
514 4581 624 4630 sortem
654 4570 838 4651 imprecatus
867 4567 957 4630 suerit
986 4570 1033 4646 ei,
1062 4571 1117 4651 qui
1143 4568 1301 4629 cuiusdam
1333 4565 1481 4628 ecclesiae
1507 4565 1621 4626 ibidem

195 4691 376 4741 memoratae
411 4679 630 4762 possessionem
663 4676 834 4739 tradidisset
864 4677 1069 4762 presbytero,
1104 4680 1159 4760 qui
1189 4677 1359 4738 castitatem
1389 4677 1534 4738 exsuisset
1567 4689 1621 4736 aut

195 4810 325 4850 uxorem
345 4789 401 4851 sibi
421 4787 612 4874 copulasset,
640 4787 713 4848 hinc
733 4787 869 4872 prolecto
891 4789 1087 4870 consequitur
1114 4809 1150 4850 ea
1176 4801 1353 4872 tempestate
1378 4787 1509 4850 extitisse
1529 4787 1620 4849 etiam

192 4903 401 4986 presbyteros,
428 4904 483 4986 qui
507 4902 714 4965 lascivientem
745 4913 931 4964 caeterorum
959 4902 1221 4984 intemperantiam
1247 4901 1385 4965 detestati
1406 4899 1447 4963 ad
1467 4901 1619 4986 pristinam

191 5012 336 5076 ecclesiae
359 5010 552 5097 disciplinam
574 5013 669 5078 vitam
691 5033 847 5097 moresque
866 5012 1091 5098 componebant.
