<?xml version="1.0" encoding="UTF-8"?>
<!DOCTYPE html PUBLIC "-//W3C//DTD XHTML 1.0 Transitional//EN"
    "http://www.w3.org/TR/xhtml1/DTD/xhtml1-transitional.dtd">
<html xmlns="http://www.w3.org/1999/xhtml" xml:lang="en" lang="en">
 <head>
  <title>
</title>
<meta http-equiv="Content-Type" content="text/html;charset=utf-8" />
  <meta name='ocr-system' content='tesseract 3.04.00' />
  <meta name='ocr-capabilities' content='ocr_page ocr_carea ocr_par ocr_line ocrx_word'/>
</head>
<body>
  <div class='ocr_page' id='page_1' title='image "./monumentaeditaa01napogoog_0062.png"; bbox 0 0 4616 6532; ppageno 0'>
   <div class='ocr_carea' id='block_1_1' title="bbox 1335 603 1454 976">
    <p class='ocr_par' dir='ltr' id='par_1_1' title="bbox 1335 603 1454 976">
     <span class='ocr_line' id='line_1_1' title="bbox 1338 603 1438 697; baseline 0.05 -5"><span class='ocrx_word' id='word_1_1' title='bbox 1338 604 1354 692; x_wconf 86' lang='lat' dir='ltr'><strong>t</strong></span> <span class='ocrx_word' id='word_1_2' title='bbox 1381 611 1400 671; x_wconf 79' lang='lat'><strong>⁶</strong></span> <span class='ocrx_word' id='word_1_3' title='bbox 1427 603 1438 697; x_wconf 88' lang='lat' dir='ltr'><strong>l</strong></span> 
     </span>
     <span class='ocr_line' id='line_1_2' title="bbox 1335 881 1454 976; baseline -0.025 -26"><span class='ocrx_word' id='word_1_4' title='bbox 1335 883 1377 952; x_wconf 92' lang='lat' dir='ltr'><strong>u.</strong></span> <span class='ocrx_word' id='word_1_5' title='bbox 1406 881 1454 976; x_wconf 87' lang='lat' dir='ltr'><strong>(t)</strong></span> 
     </span>
    </p>
   </div>
   <div class='ocr_carea' id='block_1_2' title="bbox 548 1132 2113 3258">
    <p class='ocr_par' dir='ltr' id='par_1_2' title="bbox 548 1132 2113 3258">
     <span class='ocr_line' id='line_1_3' title="bbox 553 1132 2112 1232; baseline -0.003 -25"><span class='ocrx_word' id='word_1_6' title='bbox 553 1153 606 1197; x_wconf 72' lang='lat'><strong>³1¹·</strong></span> <span class='ocrx_word' id='word_1_7' title='bbox 767 1139 807 1207; x_wconf 87' lang='lat' dir='ltr'><strong>lu</strong></span> <span class='ocrx_word' id='word_1_8' title='bbox 835 1138 966 1208; x_wconf 92' lang='lat' dir='ltr'><strong>nomine</strong></span> <span class='ocrx_word' id='word_1_9' title='bbox 992 1135 1116 1208; x_wconf 92' lang='lat' dir='ltr'><strong>domiui</strong></span> <span class='ocrx_word' id='word_1_10' title='bbox 1139 1143 1256 1232; x_wconf 89' lang='lat' dir='ltr'><strong>quarto</strong></span> <span class='ocrx_word' id='word_1_11' title='bbox 1273 1159 1358 1207; x_wconf 87' lang='lat' dir='ltr'><strong>anno</strong></span> <span class='ocrx_word' id='word_1_12' title='bbox 1378 1134 1502 1208; x_wconf 91' lang='lat' dir='ltr'><strong>domini</strong></span> <span class='ocrx_word' id='word_1_13' title='bbox 1517 1135 1618 1206; x_wconf 88' lang='lat' dir='ltr'><strong>nostri</strong></span> <span class='ocrx_word' id='word_1_14' title='bbox 1635 1133 1743 1205; x_wconf 86' lang='lat' dir='ltr'><strong>Sicoui</strong></span> <span class='ocrx_word' id='word_1_15' title='bbox 1757 1154 1903 1204; x_wconf 86' lang='lat' dir='ltr'><strong>summus</strong></span> <span class='ocrx_word' id='word_1_16' title='bbox 1920 1132 1988 1204; x_wconf 83' lang='lat' dir='ltr'><strong>dux</strong></span> <span class='ocrx_word' id='word_1_17' title='bbox 2003 1132 2112 1226; x_wconf 88' lang='lat' dir='ltr'><strong>gentis</strong></span> 
     </span>
     <span class='ocr_line' id='line_1_4' title="bbox 548 1258 2113 1358; baseline -0.004 -25"><span class='ocrx_word' id='word_1_18' title='bbox 548 1258 626 1314; x_wconf 66' lang='lat'>8⁶20.</span> <span class='ocrx_word' id='word_1_19' title='bbox 669 1261 943 1358; x_wconf 78' lang='lat' dir='ltr'><strong>langubardorum</strong></span> <span class='ocrx_word' id='word_1_20' title='bbox 966 1285 1076 1335; x_wconf 85' lang='lat' dir='ltr'><strong>meuse</strong></span> <span class='ocrx_word' id='word_1_21' title='bbox 1100 1261 1283 1334; x_wconf 86' lang='lat' dir='ltr'><strong>decembrio</strong></span> <span class='ocrx_word' id='word_1_22' title='bbox 1299 1261 1539 1357; x_wconf 88' lang='lat' dir='ltr'><strong>quartadecima</strong></span> <span class='ocrx_word' id='word_1_23' title='bbox 1556 1259 1751 1332; x_wconf 81' lang='lat' dir='ltr'><strong>indictione:</strong></span> <span class='ocrx_word' id='word_1_24' title='bbox 1771 1259 1913 1352; x_wconf 89' lang='lat' dir='ltr'><strong>ldeoque</strong></span> <span class='ocrx_word' id='word_1_25' title='bbox 1929 1281 1988 1328; x_wconf 90' lang='lat' dir='ltr'><strong>nos</strong></span> <span class='ocrx_word' id='word_1_26' title='bbox 2007 1279 2113 1327; x_wconf 87' lang='lat' dir='ltr'><strong>mau-</strong></span> 
     </span>
     <span class='ocr_line' id='line_1_5' title="bbox 668 1383 2112 1482; baseline -0.003 -24"><span class='ocrx_word' id='word_1_27' title='bbox 668 1411 725 1459; x_wconf 93' lang='lat' dir='ltr'><strong>rus</strong></span> <span class='ocrx_word' id='word_1_28' title='bbox 748 1399 781 1460; x_wconf 91' lang='lat' dir='ltr'><strong>et</strong></span> <span class='ocrx_word' id='word_1_29' title='bbox 804 1388 954 1460; x_wconf 83' lang='lat' dir='ltr'><strong>corbulus</strong></span> <span class='ocrx_word' id='word_1_30' title='bbox 971 1398 1003 1459; x_wconf 89' lang='lat' dir='ltr'><strong>et</strong></span> <span class='ocrx_word' id='word_1_31' title='bbox 1019 1387 1190 1481; x_wconf 85' lang='lat' dir='ltr'><strong>palumbus</strong></span> <span class='ocrx_word' id='word_1_32' title='bbox 1214 1388 1278 1458; x_wconf 86' lang='lat' dir='ltr'><strong>riri</strong></span> <span class='ocrx_word' id='word_1_33' title='bbox 1302 1386 1448 1482; x_wconf 78' lang='lat' dir='ltr'><strong>germani</strong></span> <span class='ocrx_word' id='word_1_34' title='bbox 1463 1385 1521 1458; x_wconf 86' lang='lat' dir='ltr'><strong>[ilii</strong></span> <span class='ocrx_word' id='word_1_35' title='bbox 1534 1387 1700 1480; x_wconf 87' lang='lat' dir='ltr'><strong>quondam</strong></span> <span class='ocrx_word' id='word_1_36' title='bbox 1716 1384 1781 1478; x_wconf 86' lang='lat' dir='ltr'><strong>lupi</strong></span> <span class='ocrx_word' id='word_1_37' title='bbox 1797 1386 1837 1458; x_wconf 93' lang='lat' dir='ltr'><strong>de</strong></span> <span class='ocrx_word' id='word_1_38' title='bbox 1855 1385 1930 1456; x_wconf 86' lang='lat' dir='ltr'><strong>vico</strong></span> <span class='ocrx_word' id='word_1_39' title='bbox 1954 1383 2012 1480; x_wconf 92' lang='lat' dir='ltr'><strong>qui</strong></span> <span class='ocrx_word' id='word_1_40' title='bbox 2033 1407 2112 1453; x_wconf 85' lang='lat' dir='ltr'><strong>cau·</strong></span> 
     </span>
     <span class='ocr_line' id='line_1_6' title="bbox 672 1512 2110 1607; baseline -0.001 -24"><span class='ocrx_word' id='word_1_41' title='bbox 672 1515 789 1587; x_wconf 90' lang='lat' dir='ltr'><strong>cilioue</strong></span> <span class='ocrx_word' id='word_1_42' title='bbox 815 1525 951 1586; x_wconf 88' lang='lat' dir='ltr'><strong>vocatur</strong></span> <span class='ocrx_word' id='word_1_43' title='bbox 974 1515 1112 1588; x_wconf 82' lang='lat' dir='ltr'><strong>bendere</strong></span> <span class='ocrx_word' id='word_1_44' title='bbox 1137 1525 1169 1588; x_wconf 93' lang='lat' dir='ltr'><strong>et</strong></span> <span class='ocrx_word' id='word_1_45' title='bbox 1193 1515 1426 1588; x_wconf 85' lang='lat' dir='ltr'><strong>benudedimus</strong></span> <span class='ocrx_word' id='word_1_46' title='bbox 1449 1513 1542 1585; x_wconf 91' lang='lat' dir='ltr'><strong>bobis</strong></span> <span class='ocrx_word' id='word_1_47' title='bbox 1565 1513 1731 1585; x_wconf 89' lang='lat' dir='ltr'><strong>bonissoni</strong></span> <span class='ocrx_word' id='word_1_48' title='bbox 1749 1524 1782 1585; x_wconf 92' lang='lat' dir='ltr'><strong>et</strong></span> <span class='ocrx_word' id='word_1_49' title='bbox 1797 1512 1897 1607; x_wconf 82' lang='lat' dir='ltr'><strong>lupini</strong></span> <span class='ocrx_word' id='word_1_50' title='bbox 1922 1513 1980 1583; x_wconf 88' lang='lat' dir='ltr'><strong>lilii</strong></span> <span class='ocrx_word' id='word_1_51' title='bbox 1996 1535 2110 1607; x_wconf 91' lang='lat' dir='ltr'><strong>quon-</strong></span> 
     </span>
     <span class='ocr_line' id='line_1_7' title="bbox 675 1638 2111 1740; baseline -0.005 -25"><span class='ocrx_word' id='word_1_52' title='bbox 675 1644 750 1715; x_wconf 89' lang='lat' dir='ltr'><strong>dam</strong></span> <span class='ocrx_word' id='word_1_53' title='bbox 774 1643 886 1714; x_wconf 92' lang='lat' dir='ltr'><strong>bonuli</strong></span> <span class='ocrx_word' id='word_1_54' title='bbox 911 1647 950 1716; x_wconf 94' lang='lat' dir='ltr'><strong>de</strong></span> <span class='ocrx_word' id='word_1_55' title='bbox 974 1644 1049 1716; x_wconf 88' lang='lat' dir='ltr'><strong>vico</strong></span> <span class='ocrx_word' id='word_1_56' title='bbox 1073 1645 1131 1740; x_wconf 90' lang='lat' dir='ltr'><strong>qui</strong></span> <span class='ocrx_word' id='word_1_57' title='bbox 1155 1644 1305 1716; x_wconf 90' lang='lat' dir='ltr'><strong>vollitum</strong></span> <span class='ocrx_word' id='word_1_58' title='bbox 1328 1642 1514 1715; x_wconf 91' lang='lat' dir='ltr'><strong>nominatur</strong></span> <span class='ocrx_word' id='word_1_59' title='bbox 1537 1652 1623 1713; x_wconf 88' lang='lat' dir='ltr'><strong>terra</strong></span> <span class='ocrx_word' id='word_1_60' title='bbox 1646 1651 1756 1712; x_wconf 88' lang='lat' dir='ltr'><strong>nostra</strong></span> <span class='ocrx_word' id='word_1_61' title='bbox 1779 1642 1868 1735; x_wconf 89' lang='lat' dir='ltr'><strong>quod</strong></span> <span class='ocrx_word' id='word_1_62' title='bbox 1891 1638 2010 1712; x_wconf 86' lang='lat' dir='ltr'><strong>babere</strong></span> <span class='ocrx_word' id='word_1_63' title='bbox 2035 1639 2111 1710; x_wconf 85' lang='lat' dir='ltr'><strong>visi·</strong></span> 
     </span>
     <span class='ocr_line' id='line_1_8' title="bbox 674 1765 2106 1867; baseline -0.003 -28"><span class='ocrx_word' id='word_1_64' title='bbox 674 1792 748 1841; x_wconf 91' lang='lat' dir='ltr'><strong>mus</strong></span> <span class='ocrx_word' id='word_1_65' title='bbox 771 1771 806 1840; x_wconf 91' lang='lat' dir='ltr'><strong>in</strong></span> <span class='ocrx_word' id='word_1_66' title='bbox 829 1771 939 1842; x_wconf 92' lang='lat' dir='ltr'><strong>locum</strong></span> <span class='ocrx_word' id='word_1_67' title='bbox 963 1773 1020 1867; x_wconf 91' lang='lat' dir='ltr'><strong>qui</strong></span> <span class='ocrx_word' id='word_1_68' title='bbox 1044 1774 1231 1843; x_wconf 92' lang='lat' dir='ltr'><strong>nominatur</strong></span> <span class='ocrx_word' id='word_1_69' title='bbox 1253 1793 1423 1844; x_wconf 85' lang='lat' dir='ltr'><strong>maranum</strong></span> <span class='ocrx_word' id='word_1_70' title='bbox 1459 1771 1501 1842; x_wconf 92' lang='lat' dir='ltr'><strong>de</strong></span> <span class='ocrx_word' id='word_1_71' title='bbox 1536 1792 1602 1840; x_wconf 94' lang='lat' dir='ltr'><strong>uno</strong></span> <span class='ocrx_word' id='word_1_72' title='bbox 1629 1769 1729 1840; x_wconf 90' lang='lat' dir='ltr'><strong>latere</strong></span> <span class='ocrx_word' id='word_1_73' title='bbox 1756 1767 1898 1862; x_wconf 90' lang='lat' dir='ltr'><strong>positum</strong></span> <span class='ocrx_word' id='word_1_74' title='bbox 1937 1778 1985 1839; x_wconf 89' lang='lat' dir='ltr'><strong>est</strong></span> <span class='ocrx_word' id='word_1_75' title='bbox 2023 1765 2106 1835; x_wconf 89' lang='lat' dir='ltr'><strong>eirca</strong></span> 
     </span>
     <span class='ocr_line' id='line_1_9' title="bbox 671 1895 2108 1994; baseline -0.003 -26"><span class='ocrx_word' id='word_1_76' title='bbox 671 1908 757 1969; x_wconf 88' lang='lat' dir='ltr'><strong>terra</strong></span> <span class='ocrx_word' id='word_1_77' title='bbox 781 1900 871 1971; x_wconf 91' lang='lat' dir='ltr'><strong>teudi</strong></span> <span class='ocrx_word' id='word_1_78' title='bbox 894 1899 962 1972; x_wconf 88' lang='lat' dir='ltr'><strong>filio</strong></span> <span class='ocrx_word' id='word_1_79' title='bbox 988 1902 1155 1994; x_wconf 90' lang='lat' dir='ltr'><strong>quondam</strong></span> <span class='ocrx_word' id='word_1_80' title='bbox 1179 1899 1311 1994; x_wconf 78' lang='lat' dir='ltr'><strong>lupicini</strong></span> <span class='ocrx_word' id='word_1_81' title='bbox 1343 1899 1427 1972; x_wconf 88' lang='lat' dir='ltr'><strong>babe</strong></span> <span class='ocrx_word' id='word_1_82' title='bbox 1449 1897 1534 1992; x_wconf 92' lang='lat' dir='ltr'><strong>passi</strong></span> <span class='ocrx_word' id='word_1_83' title='bbox 1565 1897 1766 1991; x_wconf 78' lang='lat' dir='ltr'><strong>septuaginta</strong></span> <span class='ocrx_word' id='word_1_84' title='bbox 1790 1906 1823 1968; x_wconf 92' lang='lat' dir='ltr'><strong>et</strong></span> <span class='ocrx_word' id='word_1_85' title='bbox 1845 1908 1911 1967; x_wconf 87' lang='lat' dir='ltr'><strong>tres</strong></span> <span class='ocrx_word' id='word_1_86' title='bbox 1942 1905 1975 1968; x_wconf 85' lang='lat' dir='ltr'><strong>et</strong></span> <span class='ocrx_word' id='word_1_87' title='bbox 2006 1895 2108 1988; x_wconf 91' lang='lat' dir='ltr'><strong>gubi-</strong></span> 
     </span>
     <span class='ocr_line' id='line_1_10' title="bbox 672 2023 2107 2119; baseline -0.001 -25"><span class='ocrx_word' id='word_1_88' title='bbox 672 2034 743 2096; x_wconf 94' lang='lat' dir='ltr'><strong>tum</strong></span> <span class='ocrx_word' id='word_1_89' title='bbox 761 2049 884 2097; x_wconf 89' lang='lat' dir='ltr'><strong>uuum:</strong></span> <span class='ocrx_word' id='word_1_90' title='bbox 911 2027 976 2097; x_wconf 94' lang='lat' dir='ltr'><strong>alio</strong></span> <span class='ocrx_word' id='word_1_91' title='bbox 999 2051 1079 2097; x_wconf 86' lang='lat' dir='ltr'><strong>vero</strong></span> <span class='ocrx_word' id='word_1_92' title='bbox 1103 2026 1202 2098; x_wconf 92' lang='lat' dir='ltr'><strong>latere</strong></span> <span class='ocrx_word' id='word_1_93' title='bbox 1225 2027 1367 2119; x_wconf 89' lang='lat' dir='ltr'><strong>positum</strong></span> <span class='ocrx_word' id='word_1_94' title='bbox 1390 2039 1439 2099; x_wconf 90' lang='lat' dir='ltr'><strong>est</strong></span> <span class='ocrx_word' id='word_1_95' title='bbox 1462 2027 1548 2096; x_wconf 88' lang='lat' dir='ltr'><strong>eirca</strong></span> <span class='ocrx_word' id='word_1_96' title='bbox 1564 2036 1651 2098; x_wconf 92' lang='lat' dir='ltr'><strong>terra</strong></span> <span class='ocrx_word' id='word_1_97' title='bbox 1668 2023 1824 2094; x_wconf 89' lang='lat' dir='ltr'><strong>ursiniaui</strong></span> <span class='ocrx_word' id='word_1_98' title='bbox 1841 2023 1927 2094; x_wconf 89' lang='lat' dir='ltr'><strong>lilius</strong></span> <span class='ocrx_word' id='word_1_99' title='bbox 1943 2023 2107 2118; x_wconf 80' lang='lat' dir='ltr'><strong>quondum</strong></span> 
     </span>
     <span class='ocr_line' id='line_1_11' title="bbox 670 2149 2110 2246; baseline -0.001 -26"><span class='ocrx_word' id='word_1_100' title='bbox 670 2151 784 2222; x_wconf 92' lang='lat' dir='ltr'><strong>trasuli</strong></span> <span class='ocrx_word' id='word_1_101' title='bbox 801 2154 841 2224; x_wconf 91' lang='lat' dir='ltr'><strong>de</strong></span> <span class='ocrx_word' id='word_1_102' title='bbox 870 2150 1051 2223; x_wconf 88' lang='lat' dir='ltr'><strong>eaucilione</strong></span> <span class='ocrx_word' id='word_1_103' title='bbox 1081 2150 1164 2222; x_wconf 92' lang='lat' dir='ltr'><strong>babe</strong></span> <span class='ocrx_word' id='word_1_104' title='bbox 1193 2150 1278 2244; x_wconf 89' lang='lat' dir='ltr'><strong>passi</strong></span> <span class='ocrx_word' id='word_1_105' title='bbox 1302 2151 1504 2246; x_wconf 83' lang='lat' dir='ltr'><strong>septuaginta</strong></span> <span class='ocrx_word' id='word_1_106' title='bbox 1523 2173 1625 2222; x_wconf 91' lang='lat' dir='ltr'><strong>unum</strong></span> <span class='ocrx_word' id='word_1_107' title='bbox 1648 2159 1745 2243; x_wconf 89' lang='lat' dir='ltr'><strong>caput</strong></span> <span class='ocrx_word' id='word_1_108' title='bbox 1770 2158 1856 2222; x_wconf 91' lang='lat' dir='ltr'><strong>tenet</strong></span> <span class='ocrx_word' id='word_1_109' title='bbox 1884 2149 1920 2220; x_wconf 91' lang='lat' dir='ltr'><strong>in</strong></span> <span class='ocrx_word' id='word_1_110' title='bbox 1944 2162 2029 2222; x_wconf 90' lang='lat' dir='ltr'><strong>terra</strong></span> <span class='ocrx_word' id='word_1_111' title='bbox 2044 2161 2110 2218; x_wconf 91' lang='lat' dir='ltr'><strong>tra-</strong></span> 
     </span>
     <span class='ocr_line' id='line_1_12' title="bbox 671 2272 2113 2371; baseline 0.002 -26"><span class='ocrx_word' id='word_1_112' title='bbox 671 2277 819 2348; x_wconf 87' lang='lat' dir='ltr'><strong>semundi</strong></span> <span class='ocrx_word' id='word_1_113' title='bbox 844 2277 928 2347; x_wconf 89' lang='lat' dir='ltr'><strong>lilius</strong></span> <span class='ocrx_word' id='word_1_114' title='bbox 952 2277 1116 2371; x_wconf 89' lang='lat' dir='ltr'><strong>quondum</strong></span> <span class='ocrx_word' id='word_1_115' title='bbox 1140 2275 1288 2346; x_wconf 90' lang='lat' dir='ltr'><strong>iohannis</strong></span> <span class='ocrx_word' id='word_1_116' title='bbox 1313 2277 1352 2346; x_wconf 92' lang='lat' dir='ltr'><strong>de</strong></span> <span class='ocrx_word' id='word_1_117' title='bbox 1377 2273 1555 2345; x_wconf 87' lang='lat' dir='ltr'><strong>caucilione</strong></span> <span class='ocrx_word' id='word_1_118' title='bbox 1578 2274 1661 2344; x_wconf 91' lang='lat' dir='ltr'><strong>habe</strong></span> <span class='ocrx_word' id='word_1_119' title='bbox 1685 2272 1770 2367; x_wconf 89' lang='lat' dir='ltr'><strong>passi</strong></span> <span class='ocrx_word' id='word_1_120' title='bbox 1793 2273 1933 2368; x_wconf 86' lang='lat' dir='ltr'><strong>treginta</strong></span> <span class='ocrx_word' id='word_1_121' title='bbox 1955 2284 2113 2369; x_wconf 88' lang='lat' dir='ltr'><strong>quattuor</strong></span> 
     </span>
     <span class='ocr_line' id='line_1_13' title="bbox 673 2397 2111 2493; baseline 0 -22"><span class='ocrx_word' id='word_1_122' title='bbox 673 2411 704 2471; x_wconf 89' lang='lat' dir='ltr'><strong>et</strong></span> <span class='ocrx_word' id='word_1_123' title='bbox 718 2401 830 2493; x_wconf 88' lang='lat' dir='ltr'><strong>gubita</strong></span> <span class='ocrx_word' id='word_1_124' title='bbox 846 2402 930 2472; x_wconf 91' lang='lat' dir='ltr'><strong>dua:</strong></span> <span class='ocrx_word' id='word_1_125' title='bbox 952 2400 1015 2470; x_wconf 89' lang='lat' dir='ltr'><strong>alio</strong></span> <span class='ocrx_word' id='word_1_126' title='bbox 1032 2423 1111 2472; x_wconf 88' lang='lat' dir='ltr'><strong>vero</strong></span> <span class='ocrx_word' id='word_1_127' title='bbox 1128 2409 1325 2493; x_wconf 88' lang='lat' dir='ltr'><strong>caputteuet</strong></span> <span class='ocrx_word' id='word_1_128' title='bbox 1340 2399 1442 2471; x_wconf 93' lang='lat' dir='ltr'><strong>invia</strong></span> <span class='ocrx_word' id='word_1_129' title='bbox 1463 2397 1591 2493; x_wconf 87' lang='lat' dir='ltr'><strong>publica</strong></span> <span class='ocrx_word' id='word_1_130' title='bbox 1608 2397 1691 2469; x_wconf 83' lang='lat' dir='ltr'><strong>habe</strong></span> <span class='ocrx_word' id='word_1_131' title='bbox 1709 2398 1792 2491; x_wconf 93' lang='lat' dir='ltr'><strong>passi</strong></span> <span class='ocrx_word' id='word_1_132' title='bbox 1807 2398 1946 2492; x_wconf 85' lang='lat' dir='ltr'><strong>treginta</strong></span> <span class='ocrx_word' id='word_1_133' title='bbox 1962 2399 2111 2493; x_wconf 86' lang='lat' dir='ltr'><strong>quinque</strong></span> 
     </span>
     <span class='ocr_line' id='line_1_14' title="bbox 674 2517 2111 2620; baseline -0.001 -23"><span class='ocrx_word' id='word_1_134' title='bbox 674 2551 692 2596; x_wconf 88' lang='lat' dir='ltr'><strong>e</strong></span> <span class='ocrx_word' id='word_1_135' title='bbox 716 2527 867 2620; x_wconf 89' lang='lat' dir='ltr'><strong>gubitum</strong></span> <span class='ocrx_word' id='word_1_136' title='bbox 892 2551 993 2598; x_wconf 92' lang='lat' dir='ltr'><strong>unum</strong></span> <span class='ocrx_word' id='word_1_137' title='bbox 1017 2537 1050 2599; x_wconf 92' lang='lat' dir='ltr'><strong>et</strong></span> <span class='ocrx_word' id='word_1_138' title='bbox 1072 2527 1205 2598; x_wconf 88' lang='lat' dir='ltr'><strong>semisse</strong></span> <span class='ocrx_word' id='word_1_139' title='bbox 1228 2548 1356 2596; x_wconf 88' lang='lat' dir='ltr'><strong>unum:</strong></span> <span class='ocrx_word' id='word_1_140' title='bbox 1387 2526 1427 2596; x_wconf 91' lang='lat' dir='ltr'><strong>ad</strong></span> <span class='ocrx_word' id='word_1_141' title='bbox 1457 2527 1540 2619; x_wconf 87' lang='lat' dir='ltr'><strong>passi</strong></span> <span class='ocrx_word' id='word_1_142' title='bbox 1564 2535 1597 2596; x_wconf 89' lang='lat' dir='ltr'><strong>et</strong></span> <span class='ocrx_word' id='word_1_143' title='bbox 1621 2517 1733 2619; x_wconf 81' lang='lat' dir='ltr'><strong>gubita</strong></span> <span class='ocrx_word' id='word_1_144' title='bbox 1758 2536 1790 2596; x_wconf 92' lang='lat' dir='ltr'><strong>et</strong></span> <span class='ocrx_word' id='word_1_145' title='bbox 1820 2525 1951 2596; x_wconf 90' lang='lat' dir='ltr'><strong>semisse</strong></span> <span class='ocrx_word' id='word_1_146' title='bbox 1986 2527 2111 2618; x_wconf 81' lang='lat' dir='ltr'><strong>gemuli</strong></span> 
     </span>
     <span class='ocr_line' id='line_1_15' title="bbox 673 2651 2110 2748; baseline 0.001 -26"><span class='ocrx_word' id='word_1_147' title='bbox 673 2655 842 2748; x_wconf 87' lang='lat' dir='ltr'><strong>presbiteri</strong></span> <span class='ocrx_word' id='word_1_148' title='bbox 859 2655 943 2726; x_wconf 90' lang='lat' dir='ltr'><strong>lilius</strong></span> <span class='ocrx_word' id='word_1_149' title='bbox 957 2653 1154 2726; x_wconf 87' lang='lat' dir='ltr'><strong>trasemundi</strong></span> <span class='ocrx_word' id='word_1_150' title='bbox 1180 2654 1219 2724; x_wconf 93' lang='lat' dir='ltr'><strong>de</strong></span> <span class='ocrx_word' id='word_1_151' title='bbox 1236 2653 1448 2727; x_wconf 88' lang='lat' dir='ltr'><strong>caucilionem</strong></span> <span class='ocrx_word' id='word_1_152' title='bbox 1473 2651 1573 2747; x_wconf 88' lang='lat' dir='ltr'><strong>digita</strong></span> <span class='ocrx_word' id='word_1_153' title='bbox 1588 2654 1753 2724; x_wconf 87' lang='lat' dir='ltr'><strong>tendentes</strong></span> <span class='ocrx_word' id='word_1_154' title='bbox 1767 2666 1971 2723; x_wconf 89' lang='lat' dir='ltr'><strong>mensuratus</strong></span> <span class='ocrx_word' id='word_1_155' title='bbox 1989 2663 2021 2722; x_wconf 94' lang='lat' dir='ltr'><strong>at</strong></span> <span class='ocrx_word' id='word_1_156' title='bbox 2037 2653 2110 2746; x_wconf 89' lang='lat' dir='ltr'><strong>plus</strong></span> 
     </span>
     <span class='ocr_line' id='line_1_16' title="bbox 673 2778 2110 2876; baseline -0.001 -27"><span class='ocrx_word' id='word_1_157' title='bbox 673 2780 782 2850; x_wconf 89' lang='lat' dir='ltr'><strong>minus</strong></span> <span class='ocrx_word' id='word_1_158' title='bbox 810 2805 876 2852; x_wconf 88' lang='lat' dir='ltr'><strong>una</strong></span> <span class='ocrx_word' id='word_1_159' title='bbox 900 2806 976 2853; x_wconf 87' lang='lat' dir='ltr'><strong>curn</strong></span> <span class='ocrx_word' id='word_1_160' title='bbox 999 2783 1108 2852; x_wconf 88' lang='lat' dir='ltr'><strong>omnia</strong></span> <span class='ocrx_word' id='word_1_161' title='bbox 1133 2780 1243 2854; x_wconf 89' lang='lat' dir='ltr'><strong>subter</strong></span> <span class='ocrx_word' id='word_1_162' title='bbox 1266 2792 1298 2854; x_wconf 92' lang='lat' dir='ltr'><strong>et</strong></span> <span class='ocrx_word' id='word_1_163' title='bbox 1311 2804 1409 2876; x_wconf 90' lang='lat' dir='ltr'><strong>super</strong></span> <span class='ocrx_word' id='word_1_164' title='bbox 1429 2779 1533 2875; x_wconf 88' lang='lat' dir='ltr'><strong>posita</strong></span> <span class='ocrx_word' id='word_1_165' title='bbox 1549 2803 1606 2850; x_wconf 89' lang='lat' dir='ltr'><strong>sua</strong></span> <span class='ocrx_word' id='word_1_166' title='bbox 1637 2778 1798 2874; x_wconf 90' lang='lat' dir='ltr'><strong>quidquid</strong></span> <span class='ocrx_word' id='word_1_167' title='bbox 1827 2779 1910 2849; x_wconf 86' lang='lat' dir='ltr'><strong>inira</strong></span> <span class='ocrx_word' id='word_1_168' title='bbox 1936 2792 2110 2851; x_wconf 89' lang='lat' dir='ltr'><strong>memorata</strong></span> 
     </span>
     <span class='ocr_line' id='line_1_17' title="bbox 674 2907 2111 3004; baseline 0 -26"><span class='ocrx_word' id='word_1_169' title='bbox 674 2911 896 2984; x_wconf 89' lang='lat' dir='ltr'><strong>benditiunem</strong></span> <span class='ocrx_word' id='word_1_170' title='bbox 919 2921 1029 2982; x_wconf 88' lang='lat' dir='ltr'><strong>nostra</strong></span> <span class='ocrx_word' id='word_1_171' title='bbox 1052 2911 1151 2982; x_wconf 92' lang='lat' dir='ltr'><strong>luerit</strong></span> <span class='ocrx_word' id='word_1_172' title='bbox 1174 2909 1344 2982; x_wconf 81' lang='lat' dir='ltr'><strong>inventum</strong></span> <span class='ocrx_word' id='word_1_173' title='bbox 1368 2907 1507 3004; x_wconf 85' lang='lat' dir='ltr'><strong>qualiter</strong></span> <span class='ocrx_word' id='word_1_174' title='bbox 1531 2907 1625 2977; x_wconf 89' lang='lat' dir='ltr'><strong>vobis</strong></span> <span class='ocrx_word' id='word_1_175' title='bbox 1641 2908 1682 2978; x_wconf 90' lang='lat' dir='ltr'><strong>de</strong></span> <span class='ocrx_word' id='word_1_176' title='bbox 1699 2907 1795 2978; x_wconf 88' lang='lat' dir='ltr'><strong>linem</strong></span> <span class='ocrx_word' id='word_1_177' title='bbox 1813 2907 1848 2977; x_wconf 92' lang='lat' dir='ltr'><strong>in</strong></span> <span class='ocrx_word' id='word_1_178' title='bbox 1868 2908 1966 2979; x_wconf 88' lang='lat' dir='ltr'><strong>finem</strong></span> <span class='ocrx_word' id='word_1_179' title='bbox 1982 2909 2111 2980; x_wconf 84' lang='lat' dir='ltr'><strong>indica-</strong></span> 
     </span>
     <span class='ocr_line' id='line_1_18' title="bbox 677 3033 2113 3133; baseline -0.004 -23"><span class='ocrx_word' id='word_1_180' title='bbox 677 3039 785 3110; x_wconf 83' lang='lat' dir='ltr'><strong>rimus</strong></span> <span class='ocrx_word' id='word_1_181' title='bbox 800 3040 869 3133; x_wconf 91' lang='lat' dir='ltr'><strong>ipsa</strong></span> <span class='ocrx_word' id='word_1_182' title='bbox 885 3037 1105 3111; x_wconf 90' lang='lat' dir='ltr'><strong>benditiunem</strong></span> <span class='ocrx_word' id='word_1_183' title='bbox 1129 3047 1238 3108; x_wconf 89' lang='lat' dir='ltr'><strong>nostra</strong></span> <span class='ocrx_word' id='word_1_184' title='bbox 1262 3036 1356 3108; x_wconf 83' lang='lat' dir='ltr'><strong>robis</strong></span> <span class='ocrx_word' id='word_1_185' title='bbox 1371 3037 1442 3108; x_wconf 90' lang='lat' dir='ltr'><strong>eius</strong></span> <span class='ocrx_word' id='word_1_186' title='bbox 1458 3035 1675 3129; x_wconf 88' lang='lat' dir='ltr'><strong>comparaturi</strong></span> <span class='ocrx_word' id='word_1_187' title='bbox 1690 3033 1888 3128; x_wconf 88' lang='lat' dir='ltr'><strong>imntegrum</strong></span> <span class='ocrx_word' id='word_1_188' title='bbox 1903 3035 2113 3108; x_wconf 90' lang='lat' dir='ltr'><strong>benumdedi-</strong></span> 
     </span>
     <span class='ocr_line' id='line_1_19' title="bbox 676 3160 2113 3258; baseline -0.002 -22"><span class='ocrx_word' id='word_1_189' title='bbox 676 3188 751 3236; x_wconf 92' lang='lat' dir='ltr'><strong>mus</strong></span> <span class='ocrx_word' id='word_1_190' title='bbox 774 3166 1005 3258; x_wconf 89' lang='lat' dir='ltr'><strong>possidendum</strong></span> <span class='ocrx_word' id='word_1_191' title='bbox 1027 3165 1086 3234; x_wconf 91' lang='lat' dir='ltr'><strong>ubi</strong></span> <span class='ocrx_word' id='word_1_192' title='bbox 1109 3188 1169 3234; x_wconf 91' lang='lat' dir='ltr'><strong>nec</strong></span> <span class='ocrx_word' id='word_1_193' title='bbox 1193 3165 1286 3235; x_wconf 90' lang='lat' dir='ltr'><strong>nobis</strong></span> <span class='ocrx_word' id='word_1_194' title='bbox 1310 3187 1371 3234; x_wconf 93' lang='lat' dir='ltr'><strong>uec</strong></span> <span class='ocrx_word' id='word_1_195' title='bbox 1395 3165 1436 3235; x_wconf 94' lang='lat' dir='ltr'><strong>ad</strong></span> <span class='ocrx_word' id='word_1_196' title='bbox 1460 3163 1540 3232; x_wconf 92' lang='lat' dir='ltr'><strong>alios</strong></span> <span class='ocrx_word' id='word_1_197' title='bbox 1563 3162 1712 3234; x_wconf 89' lang='lat' dir='ltr'><strong>homines</strong></span> <span class='ocrx_word' id='word_1_198' title='bbox 1731 3161 1813 3231; x_wconf 85' lang='lat' dir='ltr'><strong>inira</strong></span> <span class='ocrx_word' id='word_1_199' title='bbox 1828 3175 2004 3234; x_wconf 87' lang='lat' dir='ltr'><strong>memorata</strong></span> <span class='ocrx_word' id='word_1_200' title='bbox 2018 3160 2113 3233; x_wconf 90' lang='lat' dir='ltr'><strong>iudi-</strong></span> 
     </span>
    </p>
   </div>
   <div class='ocr_carea' id='block_1_3' title="bbox 677 3259 2114 3508">
    <p class='ocr_par' dir='ltr' id='par_1_3' title="bbox 677 3259 2114 3508">
     <span class='ocr_line' id='line_1_20' title="bbox 677 3259 2111 3385; baseline -0.002 -24"><span class='ocrx_word' id='word_1_201' title='bbox 677 3293 804 3362; x_wconf 87' lang='lat' dir='ltr'><strong>catione</strong></span> <span class='ocrx_word' id='word_1_202' title='bbox 828 3291 881 3364; x_wconf 80' lang='lat' dir='ltr'><strong>vel</strong></span> <span class='ocrx_word' id='word_1_203' title='bbox 904 3293 988 3385; x_wconf 89' lang='lat' dir='ltr'><strong>passi</strong></span> <span class='ocrx_word' id='word_1_204' title='bbox 1013 3290 1102 3362; x_wconf 88' lang='lat' dir='ltr'><strong>nulla</strong></span> <span class='ocrx_word' id='word_1_205' title='bbox 1126 3291 1264 3362; x_wconf 91' lang='lat' dir='ltr'><strong>dicimus</strong></span> <span class='ocrx_word' id='word_1_206' title='bbox 1287 3313 1475 3362; x_wconf 89' lang='lat' dir='ltr'><strong>remanere:</strong></span> <span class='ocrx_word' id='word_1_207' title='bbox 1495 3291 1586 3361; x_wconf 87' lang='lat' dir='ltr'><strong>Unde</strong></span> <span class='ocrx_word' id='word_1_208' title='bbox 1601 3300 1633 3360; x_wconf 90' lang='lat' dir='ltr'><strong>et</strong></span> <span class='ocrx_word' id='word_1_209' title='bbox 1646 3289 1871 3382; x_wconf 79' lang='lat' dir='ltr'><strong>pronominato</strong></span> <span class='ocrx_word' id='word_1_210' title='bbox 1887 3259 1998 3358; x_wconf 78' lang='lat' dir='ltr'><strong>nostra</strong></span> <span class='ocrx_word' id='word_1_211' title='bbox 2022 3289 2111 3359; x_wconf 90' lang='lat' dir='ltr'><strong>ben-</strong></span> 
     </span>
     <span class='ocr_line' id='line_1_21' title="bbox 679 3411 2114 3508; baseline -0.001 -22"><span class='ocrx_word' id='word_1_212' title='bbox 679 3415 839 3486; x_wconf 90' lang='lat' dir='ltr'><strong>ditiunem</strong></span> <span class='ocrx_word' id='word_1_213' title='bbox 865 3413 1047 3508; x_wconf 88' lang='lat' dir='ltr'><strong>accepimus</strong></span> <span class='ocrx_word' id='word_1_214' title='bbox 1073 3439 1092 3483; x_wconf 88' lang='lat' dir='ltr'><strong>a</strong></span> <span class='ocrx_word' id='word_1_215' title='bbox 1116 3435 1176 3484; x_wconf 84' lang='lat' dir='ltr'><strong>ros</strong></span> <span class='ocrx_word' id='word_1_216' title='bbox 1200 3413 1372 3486; x_wconf 89' lang='lat' dir='ltr'><strong>memorati</strong></span> <span class='ocrx_word' id='word_1_217' title='bbox 1395 3411 1612 3507; x_wconf 88' lang='lat' dir='ltr'><strong>comparaturi</strong></span> <span class='ocrx_word' id='word_1_218' title='bbox 1632 3412 1696 3483; x_wconf 94' lang='lat' dir='ltr'><strong>boc</strong></span> <span class='ocrx_word' id='word_1_219' title='bbox 1719 3423 1767 3484; x_wconf 90' lang='lat' dir='ltr'><strong>est</strong></span> <span class='ocrx_word' id='word_1_220' title='bbox 1790 3413 1862 3484; x_wconf 92' lang='lat' dir='ltr'><strong>auri</strong></span> <span class='ocrx_word' id='word_1_221' title='bbox 1886 3413 1982 3485; x_wconf 91' lang='lat' dir='ltr'><strong>solidi</strong></span> <span class='ocrx_word' id='word_1_222' title='bbox 1996 3413 2114 3507; x_wconf 86' lang='lat' dir='ltr'><strong>biginti</strong></span> 
     </span>
    </p>
   </div>
   <div class='ocr_carea' id='block_1_4' title="bbox 679 3539 2113 3640">
    <p class='ocr_par' dir='ltr' id='par_1_4' title="bbox 679 3539 2113 3640">
     <span class='ocr_line' id='line_1_22' title="bbox 679 3539 2113 3640; baseline -0.005 -24"><span class='ocrx_word' id='word_1_223' title='bbox 679 3541 758 3616; x_wconf 86' lang='lat' dir='ltr'><strong>boni</strong></span> <span class='ocrx_word' id='word_1_224' title='bbox 776 3541 930 3636; x_wconf 84' lang='lat' dir='ltr'><strong>bytiantei</strong></span> <span class='ocrx_word' id='word_1_225' title='bbox 954 3543 1001 3640; x_wconf 77' lang='lat'><strong>(2)</strong></span> <span class='ocrx_word' id='word_1_226' title='bbox 1022 3542 1149 3614; x_wconf 89' lang='lat' dir='ltr'><strong>linitum</strong></span> <span class='ocrx_word' id='word_1_227' title='bbox 1163 3565 1243 3612; x_wconf 87' lang='lat' dir='ltr'><strong>vero</strong></span> <span class='ocrx_word' id='word_1_228' title='bbox 1254 3539 1396 3634; x_wconf 88' lang='lat' dir='ltr'><strong>pretium</strong></span> <span class='ocrx_word' id='word_1_229' title='bbox 1411 3550 1569 3635; x_wconf 86' lang='lat' dir='ltr'><strong>quatenus</strong></span> <span class='ocrx_word' id='word_1_230' title='bbox 1583 3541 1701 3613; x_wconf 90' lang='lat' dir='ltr'><strong>amodo</strong></span> <span class='ocrx_word' id='word_1_231' title='bbox 1716 3539 1860 3612; x_wconf 87' lang='lat' dir='ltr'><strong>habeatis</strong></span> <span class='ocrx_word' id='word_1_232' title='bbox 1874 3551 1907 3612; x_wconf 90' lang='lat' dir='ltr'><strong>et</strong></span> <span class='ocrx_word' id='word_1_233' title='bbox 1924 3542 2113 3634; x_wconf 87' lang='lat' dir='ltr'><strong>possideatis</strong></span> 
     </span>
    </p>
   </div>
   <div class='ocr_carea' id='block_1_5' title="bbox 680 3867 2160 5075">
    <p class='ocr_par' dir='ltr' id='par_1_5' title="bbox 680 3867 2112 4174">
     <span class='ocr_line' id='line_1_23' title="bbox 759 3867 2112 3954; baseline -0.001 -25"><span class='ocrx_word' id='word_1_234' title='bbox 759 3868 805 3950; x_wconf 91' lang='lat'><strong>(1)</strong></span> <span class='ocrx_word' id='word_1_235' title='bbox 828 3869 908 3931; x_wconf 89' lang='lat' dir='ltr'><strong>Cum</strong></span> <span class='ocrx_word' id='word_1_236' title='bbox 936 3870 1145 3954; x_wconf 82' lang='lat' dir='ltr'><strong>Langobardis</strong></span> <span class='ocrx_word' id='word_1_237' title='bbox 1168 3895 1184 3934; x_wconf 90' lang='lat' dir='ltr'><strong>e</strong></span> <span class='ocrx_word' id='word_1_238' title='bbox 1216 3872 1427 3946; x_wconf 87' lang='lat' dir='ltr'><strong>membranis,</strong></span> <span class='ocrx_word' id='word_1_239' title='bbox 1458 3892 1538 3952; x_wconf 87' lang='lat' dir='ltr'><strong>quae</strong></span> <span class='ocrx_word' id='word_1_240' title='bbox 1564 3873 1595 3930; x_wconf 90' lang='lat' dir='ltr'><strong>in</strong></span> <span class='ocrx_word' id='word_1_241' title='bbox 1619 3873 1731 3952; x_wconf 86' lang='lat' dir='ltr'><strong>Magno</strong></span> <span class='ocrx_word' id='word_1_242' title='bbox 1752 3867 1956 3952; x_wconf 83' lang='lat' dir='ltr'><strong>Neapolitano</strong></span> <span class='ocrx_word' id='word_1_243' title='bbox 1976 3870 2112 3928; x_wconf 82' lang='lat' dir='ltr'><strong>Archivo</strong></span> 
     </span>
     <span class='ocr_line' id='line_1_24' title="bbox 680 3979 2112 4064; baseline -0.003 -22"><span class='ocrx_word' id='word_1_244' title='bbox 680 4001 892 4057; x_wconf 82' lang='lat' dir='ltr'><strong>asservantur,</strong></span> <span class='ocrx_word' id='word_1_245' title='bbox 916 4004 1057 4063; x_wconf 87' lang='lat' dir='ltr'><strong>praesens</strong></span> <span class='ocrx_word' id='word_1_246' title='bbox 1078 3987 1118 4046; x_wconf 89' lang='lat' dir='ltr'><strong>sit</strong></span> <span class='ocrx_word' id='word_1_247' title='bbox 1140 3985 1308 4060; x_wconf 86' lang='lat' dir='ltr'><strong>vetustior,</strong></span> <span class='ocrx_word' id='word_1_248' title='bbox 1330 3985 1422 4044; x_wconf 90' lang='lat' dir='ltr'><strong>huius</strong></span> <span class='ocrx_word' id='word_1_249' title='bbox 1445 3983 1628 4046; x_wconf 86' lang='lat' dir='ltr'><strong>characteris</strong></span> <span class='ocrx_word' id='word_1_250' title='bbox 1648 3981 1799 4064; x_wconf 87' lang='lat' dir='ltr'><strong>specimen</strong></span> <span class='ocrx_word' id='word_1_251' title='bbox 1821 3979 1977 4040; x_wconf 88' lang='lat' dir='ltr'><strong>edendum</strong></span> <span class='ocrx_word' id='word_1_252' title='bbox 1992 3983 2112 4042; x_wconf 80' lang='lat' dir='ltr'><strong>curavi-</strong></span> 
     </span>
     <span class='ocr_line' id='line_1_25' title="bbox 680 4092 1569 4174; baseline 0 -20"><span class='ocrx_word' id='word_1_253' title='bbox 680 4115 749 4154; x_wconf 87' lang='lat' dir='ltr'><strong>mus</strong></span> <span class='ocrx_word' id='word_1_254' title='bbox 769 4097 801 4154; x_wconf 88' lang='lat' dir='ltr'><strong>in</strong></span> <span class='ocrx_word' id='word_1_255' title='bbox 823 4095 986 4174; x_wconf 86' lang='lat' dir='ltr'><strong>praesentis</strong></span> <span class='ocrx_word' id='word_1_256' title='bbox 1007 4094 1178 4154; x_wconf 85' lang='lat' dir='ltr'><strong>voluminis</strong></span> <span class='ocrx_word' id='word_1_257' title='bbox 1198 4092 1283 4153; x_wconf 85' lang='lat' dir='ltr'><strong>calce</strong></span> <span class='ocrx_word' id='word_1_258' title='bbox 1302 4092 1424 4153; x_wconf 86' lang='lat' dir='ltr'><strong>Tabula</strong></span> <span class='ocrx_word' id='word_1_259' title='bbox 1444 4096 1467 4155; x_wconf 93' lang='lat'><strong>1.</strong></span> <span class='ocrx_word' id='word_1_260' title='bbox 1489 4114 1521 4159; x_wconf 90' lang='lat' dir='ltr'><strong>u.</strong></span> <span class='ocrx_word' id='word_1_261' title='bbox 1545 4115 1569 4154; x_wconf 88' lang='lat'><strong>1.</strong></span> 
     </span>
    </p>

    <p class='ocr_par' dir='ltr' id='par_1_6' title="bbox 681 4204 2160 5075">
     <span class='ocr_line' id='line_1_26' title="bbox 763 4204 2160 4287; baseline -0.001 -21"><span class='ocrx_word' id='word_1_262' title='bbox 763 4205 809 4286; x_wconf 86' lang='lat'><strong>(2)</strong></span> <span class='ocrx_word' id='word_1_263' title='bbox 829 4209 1116 4284; x_wconf 78' lang='lat' dir='ltr'><strong>Byzantinorum‚</strong></span> <span class='ocrx_word' id='word_1_264' title='bbox 1148 4206 1211 4267; x_wconf 85' lang='lat' dir='ltr'><strong>sive</strong></span> <span class='ocrx_word' id='word_1_265' title='bbox 1231 4204 1480 4280; x_wconf 78' lang='lat' dir='ltr'><strong>byzantlreorum</strong></span> <span class='ocrx_word' id='word_1_266' title='bbox 1500 4205 1625 4266; x_wconf 89' lang='lat' dir='ltr'><strong>nomine</strong></span> <span class='ocrx_word' id='word_1_267' title='bbox 1646 4223 1755 4265; x_wconf 85' lang='lat' dir='ltr'><strong>aureos</strong></span> <span class='ocrx_word' id='word_1_268' title='bbox 1774 4223 1951 4287; x_wconf 87' lang='lat' dir='ltr'><strong>graecorum</strong></span> <span class='ocrx_word' id='word_1_269' title='bbox 1974 4204 2114 4284; x_wconf 87' lang='lat' dir='ltr'><strong>impera·</strong></span> <span class='ocrx_word' id='word_1_270' title='bbox 2151 4259 2160 4280; x_wconf 69' lang='grc'><strong>,</strong></span> 
     </span>
     <span class='ocr_line' id='line_1_27' title="bbox 682 4316 2111 4403; baseline -0.001 -24"><span class='ocrx_word' id='word_1_271' title='bbox 682 4333 784 4379; x_wconf 87' lang='lat' dir='ltr'><strong>torum</strong></span> <span class='ocrx_word' id='word_1_272' title='bbox 807 4337 949 4380; x_wconf 88' lang='lat' dir='ltr'><strong>nummos</strong></span> <span class='ocrx_word' id='word_1_273' title='bbox 968 4316 1060 4380; x_wconf 87' lang='lat' dir='ltr'><strong>latini</strong></span> <span class='ocrx_word' id='word_1_274' title='bbox 1084 4318 1245 4402; x_wconf 82' lang='lat' dir='ltr'><strong>scriptores</strong></span> <span class='ocrx_word' id='word_1_275' title='bbox 1270 4318 1432 4382; x_wconf 89' lang='lat' dir='ltr'><strong>donarunt.</strong></span> <span class='ocrx_word' id='word_1_276' title='bbox 1465 4317 1625 4403; x_wconf 89' lang='lat' dir='ltr'><strong>Plerisque</strong></span> <span class='ocrx_word' id='word_1_277' title='bbox 1647 4319 1750 4383; x_wconf 85' lang='lat' dir='ltr'><strong>visum</strong></span> <span class='ocrx_word' id='word_1_278' title='bbox 1780 4331 1825 4380; x_wconf 88' lang='lat' dir='ltr'><strong>est</strong></span> <span class='ocrx_word' id='word_1_279' title='bbox 1850 4337 1993 4380; x_wconf 89' lang='lat' dir='ltr'><strong>nummos</strong></span> <span class='ocrx_word' id='word_1_280' title='bbox 2019 4317 2111 4378; x_wconf 88' lang='lat' dir='ltr'><strong>hosce</strong></span> 
     </span>
     <span class='ocr_line' id='line_1_28' title="bbox 681 4427 2112 4511; baseline -0.001 -22"><span class='ocrx_word' id='word_1_281' title='bbox 681 4441 836 4490; x_wconf 87' lang='lat' dir='ltr'><strong>mutuatos</strong></span> <span class='ocrx_word' id='word_1_282' title='bbox 856 4427 947 4490; x_wconf 85' lang='lat' dir='ltr'><strong>luisse</strong></span> <span class='ocrx_word' id='word_1_283' title='bbox 968 4448 1081 4490; x_wconf 88' lang='lat' dir='ltr'><strong>nomeu</strong></span> <span class='ocrx_word' id='word_1_284' title='bbox 1102 4427 1142 4490; x_wconf 88' lang='lat' dir='ltr'><strong>ab</strong></span> <span class='ocrx_word' id='word_1_285' title='bbox 1162 4428 1232 4489; x_wconf 90' lang='lat' dir='ltr'><strong>urbe</strong></span> <span class='ocrx_word' id='word_1_286' title='bbox 1253 4428 1423 4511; x_wconf 79' lang='lat' dir='ltr'><strong>Byzanti03</strong></span> <span class='ocrx_word' id='word_1_287' title='bbox 1445 4427 1502 4490; x_wconf 83' lang='lat' dir='ltr'><strong>alii</strong></span> <span class='ocrx_word' id='word_1_288' title='bbox 1523 4449 1600 4492; x_wconf 89' lang='lat' dir='ltr'><strong>vero</strong></span> <span class='ocrx_word' id='word_1_289' title='bbox 1615 4451 1688 4492; x_wconf 87' lang='lat' dir='ltr'><strong>cum</strong></span> <span class='ocrx_word' id='word_1_290' title='bbox 1702 4427 1736 4489; x_wconf 91' lang='lat' dir='ltr'><strong>id</strong></span> <span class='ocrx_word' id='word_1_291' title='bbox 1750 4429 1879 4489; x_wconf 91' lang='lat' dir='ltr'><strong>nominis</strong></span> <span class='ocrx_word' id='word_1_292' title='bbox 1893 4447 2016 4511; x_wconf 85' lang='lat' dir='ltr'><strong>prorsus</strong></span> <span class='ocrx_word' id='word_1_293' title='bbox 2027 4447 2112 4509; x_wconf 52' lang='lat' dir='ltr'><strong>grae</strong></span> 
     </span>
     <span class='ocr_line' id='line_1_29' title="bbox 681 4541 2112 4626; baseline -0.003 -22"><span class='ocrx_word' id='word_1_294' title='bbox 681 4543 724 4604; x_wconf 88' lang='lat' dir='ltr'><strong>cis</strong></span> <span class='ocrx_word' id='word_1_295' title='bbox 744 4542 934 4626; x_wconf 84' lang='lat' dir='ltr'><strong>incognitum</strong></span> <span class='ocrx_word' id='word_1_296' title='bbox 955 4542 1110 4620; x_wconf 81' lang='lat' dir='ltr'><strong>extitisse,</strong></span> <span class='ocrx_word' id='word_1_297' title='bbox 1141 4558 1171 4604; x_wconf 90' lang='lat' dir='ltr'><strong>et</strong></span> <span class='ocrx_word' id='word_1_298' title='bbox 1191 4543 1298 4606; x_wconf 88' lang='lat' dir='ltr'><strong>urbem</strong></span> <span class='ocrx_word' id='word_1_299' title='bbox 1319 4543 1417 4625; x_wconf 87' lang='lat' dir='ltr'><strong>ipsam</strong></span> <span class='ocrx_word' id='word_1_300' title='bbox 1442 4543 1482 4604; x_wconf 88' lang='lat' dir='ltr'><strong>ab</strong></span> <span class='ocrx_word' id='word_1_301' title='bbox 1501 4543 1594 4625; x_wconf 90' lang='lat' dir='ltr'><strong>ipsius</strong></span> <span class='ocrx_word' id='word_1_302' title='bbox 1613 4541 1805 4603; x_wconf 84' lang='lat' dir='ltr'><strong>Constantini</strong></span> <span class='ocrx_word' id='word_1_303' title='bbox 1831 4561 1911 4604; x_wconf 85' lang='lat' dir='ltr'><strong>aevo</strong></span> <span class='ocrx_word' id='word_1_304' title='bbox 1930 4541 2112 4624; x_wconf 78' lang='lat' dir='ltr'><strong>Byzantium</strong></span> 
     </span>
     <span class='ocr_line' id='line_1_30' title="bbox 682 4650 2111 4738; baseline -0.001 -26"><span class='ocrx_word' id='word_1_305' title='bbox 682 4652 805 4716; x_wconf 82' lang='lat' dir='ltr'><strong>desiisse</strong></span> <span class='ocrx_word' id='word_1_306' title='bbox 825 4653 982 4738; x_wconf 75' lang='lat' dir='ltr'><strong>appellari</strong></span> <span class='ocrx_word' id='word_1_307' title='bbox 1003 4653 1319 4732; x_wconf 83' lang='lat' dir='ltr'><strong>animadvertissent,</strong></span> <span class='ocrx_word' id='word_1_308' title='bbox 1350 4655 1411 4715; x_wconf 87' lang='lat' dir='ltr'><strong>rati</strong></span> <span class='ocrx_word' id='word_1_309' title='bbox 1430 4667 1504 4715; x_wconf 88' lang='lat' dir='ltr'><strong>sunt</strong></span> <span class='ocrx_word' id='word_1_310' title='bbox 1524 4672 1574 4715; x_wconf 91' lang='lat' dir='ltr'><strong>eos</strong></span> <span class='ocrx_word' id='word_1_311' title='bbox 1594 4652 1638 4714; x_wconf 83' lang='lat' dir='ltr'><strong>ita</strong></span> <span class='ocrx_word' id='word_1_312' title='bbox 1660 4650 1759 4714; x_wconf 86' lang='lat' dir='ltr'><strong>dictos</strong></span> <span class='ocrx_word' id='word_1_313' title='bbox 1779 4650 1872 4714; x_wconf 83' lang='lat' dir='ltr'><strong>luisse</strong></span> <span class='ocrx_word' id='word_1_314' title='bbox 1892 4671 1909 4711; x_wconf 89' lang='lat' dir='ltr'><strong>a</strong></span> <span class='ocrx_word' id='word_1_315' title='bbox 1929 4651 2012 4713; x_wconf 87' lang='lat' dir='ltr'><strong>binis</strong></span> <span class='ocrx_word' id='word_1_316' title='bbox 2030 4653 2111 4714; x_wconf 87' lang='lat' dir='ltr'><strong>Sau-</strong></span> 
     </span>
     <span class='ocr_line' id='line_1_31' title="bbox 684 4763 2110 4851; baseline -0.006 -19"><span class='ocrx_word' id='word_1_317' title='bbox 684 4768 764 4844; x_wconf 87' lang='lat' dir='ltr'><strong>ctis,</strong></span> <span class='ocrx_word' id='word_1_318' title='bbox 786 4787 920 4850; x_wconf 85' lang='lat' dir='ltr'><strong>quorum</strong></span> <span class='ocrx_word' id='word_1_319' title='bbox 940 4767 1126 4850; x_wconf 81' lang='lat' dir='ltr'><strong>imaginibus</strong></span> <span class='ocrx_word' id='word_1_320' title='bbox 1146 4767 1353 4851; x_wconf 86' lang='lat' dir='ltr'><strong>signabantur.</strong></span> <span class='ocrx_word' id='word_1_321' title='bbox 1373 4765 1490 4827; x_wconf 83' lang='lat' dir='ltr'><strong>Verum</strong></span> <span class='ocrx_word' id='word_1_322' title='bbox 1510 4766 1566 4826; x_wconf 86' lang='lat' dir='ltr'><strong>etsi</strong></span> <span class='ocrx_word' id='word_1_323' title='bbox 1586 4765 1744 4849; x_wconf 87' lang='lat' dir='ltr'><strong>scriptores</strong></span> <span class='ocrx_word' id='word_1_324' title='bbox 1765 4763 1869 4847; x_wconf 84' lang='lat' dir='ltr'><strong>quoad</strong></span> <span class='ocrx_word' id='word_1_325' title='bbox 1884 4765 2020 4826; x_wconf 88' lang='lat' dir='ltr'><strong>nominis</strong></span> <span class='ocrx_word' id='word_1_326' title='bbox 2040 4776 2110 4845; x_wconf 81' lang='lat' dir='ltr'><strong>ety-</strong></span> 
     </span>
     <span class='ocr_line' id='line_1_32' title="bbox 685 4873 2109 4962; baseline 0.001 -27"><span class='ocrx_word' id='word_1_327' title='bbox 685 4893 758 4936; x_wconf 83' lang='lat' dir='ltr'><strong>mon</strong></span> <span class='ocrx_word' id='word_1_328' title='bbox 777 4878 810 4938; x_wconf 91' lang='lat' dir='ltr'><strong>iu</strong></span> <span class='ocrx_word' id='word_1_329' title='bbox 830 4878 963 4941; x_wconf 83' lang='lat' dir='ltr'><strong>diversas</strong></span> <span class='ocrx_word' id='word_1_330' title='bbox 987 4878 1118 4941; x_wconf 91' lang='lat' dir='ltr'><strong>abierint</strong></span> <span class='ocrx_word' id='word_1_331' title='bbox 1148 4880 1334 4955; x_wconf 87' lang='lat' dir='ltr'><strong>sententias,</strong></span> <span class='ocrx_word' id='word_1_332' title='bbox 1365 4897 1470 4940; x_wconf 86' lang='lat' dir='ltr'><strong>omnes</strong></span> <span class='ocrx_word' id='word_1_333' title='bbox 1498 4893 1602 4942; x_wconf 87' lang='lat' dir='ltr'><strong>tamen</strong></span> <span class='ocrx_word' id='word_1_334' title='bbox 1631 4877 1738 4962; x_wconf 84' lang='lat' dir='ltr'><strong>quoad</strong></span> <span class='ocrx_word' id='word_1_335' title='bbox 1762 4873 1940 4941; x_wconf 89' lang='lat' dir='ltr'><strong>huiusmodi</strong></span> <span class='ocrx_word' id='word_1_336' title='bbox 1970 4891 2109 4940; x_wconf 86' lang='lat' dir='ltr'><strong>monetae</strong></span> 
     </span>
     <span class='ocr_line' id='line_1_33' title="bbox 685 4987 2109 5075; baseline -0.002 -26"><span class='ocrx_word' id='word_1_337' title='bbox 685 4988 817 5069; x_wconf 89' lang='lat' dir='ltr'><strong>pretium</strong></span> <span class='ocrx_word' id='word_1_338' title='bbox 837 4987 994 5053; x_wconf 87' lang='lat' dir='ltr'><strong>edixerunt</strong></span> <span class='ocrx_word' id='word_1_339' title='bbox 1019 4993 1078 5052; x_wconf 88' lang='lat' dir='ltr'><strong>hoo</strong></span> <span class='ocrx_word' id='word_1_340' title='bbox 1109 4988 1275 5071; x_wconf 81' lang='lat' dir='ltr'><strong>multiplex</strong></span> <span class='ocrx_word' id='word_1_341' title='bbox 1301 4989 1459 5068; x_wconf 84' lang='lat' dir='ltr'><strong>extitisse,</strong></span> <span class='ocrx_word' id='word_1_342' title='bbox 1491 5003 1581 5074; x_wconf 88' lang='lat' dir='ltr'><strong>prout</strong></span> <span class='ocrx_word' id='word_1_343' title='bbox 1610 4990 1720 5054; x_wconf 83' lang='lat' dir='ltr'><strong>maiori</strong></span> <span class='ocrx_word' id='word_1_344' title='bbox 1747 4990 1800 5054; x_wconf 87' lang='lat' dir='ltr'><strong>vel</strong></span> <span class='ocrx_word' id='word_1_345' title='bbox 1831 4990 1943 5054; x_wconf 87' lang='lat' dir='ltr'><strong>minori</strong></span> <span class='ocrx_word' id='word_1_346' title='bbox 1972 4989 2109 5075; x_wconf 87' lang='lat' dir='ltr'><strong>pondere</strong></span> 
     </span>
    </p>
   </div>
   <div class='ocr_carea' id='block_1_6' title="bbox 0 0 2333 6532">
    <p class='ocr_par' dir='ltr' id='par_1_7' title="bbox 0 0 2333 6532">
     <span class='ocr_line' id='line_1_34' title="bbox 0 0 2333 6532; baseline 0 0"><span class='ocrx_word' id='word_1_347' title='bbox 0 0 2333 6532; x_wconf 95' lang='lat' dir='ltr'><strong> </strong></span> 
     </span>
    </p>
   </div>
  </div>
 </body>
</html>
