<?xml version="1.0" encoding="UTF-8"?>
<!DOCTYPE html PUBLIC "-//W3C//DTD XHTML 1.0 Transitional//EN"
    "http://www.w3.org/TR/xhtml1/DTD/xhtml1-transitional.dtd">
<html xmlns="http://www.w3.org/1999/xhtml" xml:lang="en" lang="en">
 <head>
  <title>
</title>
<meta http-equiv="Content-Type" content="text/html;charset=utf-8" />
  <meta name='ocr-system' content='tesseract 3.04.00' />
  <meta name='ocr-capabilities' content='ocr_page ocr_carea ocr_par ocr_line ocrx_word'/>
</head>
<body>
  <div class='ocr_page' id='page_1' title='image "./monumentaeditaa01napogoog_0030.png"; bbox 0 0 4616 6532; ppageno 0'>
   <div class='ocr_carea' id='block_1_1' title="bbox 674 614 765 669">
    <p class='ocr_par' dir='ltr' id='par_1_1' title="bbox 674 614 765 669">
     <span class='ocr_line' id='line_1_1' title="bbox 674 614 765 669; baseline -0.022 0"><span class='ocrx_word' id='word_1_1' title='bbox 674 614 765 669; x_wconf 83' lang='lat' dir='ltr'>XXII</span> 
     </span>
    </p>
   </div>
   <div class='ocr_carea' id='block_1_2' title="bbox 635 753 2107 5022">
    <p class='ocr_par' dir='ltr' id='par_1_2' title="bbox 635 753 2107 5022">
     <span class='ocr_line' id='line_1_2' title="bbox 671 753 2107 871; baseline -0.004 -25"><span class='ocrx_word' id='word_1_2' title='bbox 671 758 845 846; x_wconf 89' lang='lat' dir='ltr'>tandem</span> <span class='ocrx_word' id='word_1_3' title='bbox 873 778 1113 871; x_wconf 81' lang='lat' dir='ltr'>pastorem</span> <span class='ocrx_word' id='word_1_4' title='bbox 1142 753 1423 869; x_wconf 83' lang='lat' dir='ltr'>undequaque</span> <span class='ocrx_word' id='word_1_5' title='bbox 1452 753 1663 840; x_wconf 81' lang='lat' dir='ltr'>absolvere</span> <span class='ocrx_word' id='word_1_6' title='bbox 1683 756 1861 866; x_wconf 86' lang='lat' dir='ltr'>poterit,</span> <span class='ocrx_word' id='word_1_7' title='bbox 1892 756 1970 839; x_wconf 91' lang='lat' dir='ltr'>nisi</span> <span class='ocrx_word' id='word_1_8' title='bbox 1996 781 2107 869; x_wconf 82' lang='lat' dir='ltr'>quae</span> 
     </span>
     <span class='ocr_line' id='line_1_3' title="bbox 671 898 2107 1014; baseline -0.003 -22"><span class='ocrx_word' id='word_1_9' title='bbox 671 907 861 992; x_wconf 91' lang='lat' dir='ltr'>medium</span> <span class='ocrx_word' id='word_1_10' title='bbox 904 903 959 989; x_wconf 89' lang='lat' dir='ltr'>ad</span> <span class='ocrx_word' id='word_1_11' title='bbox 998 931 1154 986; x_wconf 90' lang='lat' dir='ltr'>aevum</span> <span class='ocrx_word' id='word_1_12' title='bbox 1194 901 1498 1014; x_wconf 90' lang='lat' dir='ltr'>pertinuerunt,</span> <span class='ocrx_word' id='word_1_13' title='bbox 1541 901 1756 1013; x_wconf 85' lang='lat' dir='ltr'>explorata</span> <span class='ocrx_word' id='word_1_14' title='bbox 1794 898 2027 985; x_wconf 85' lang='lat' dir='ltr'>admodum</span> <span class='ocrx_word' id='word_1_15' title='bbox 2056 930 2107 987; x_wconf 89' lang='lat' dir='ltr'>ac</span> 
     </span>
     <span class='ocr_line' id='line_1_4' title="bbox 669 1040 2105 1160; baseline -0.001 -30"><span class='ocrx_word' id='word_1_16' title='bbox 669 1049 789 1160; x_wconf 81' lang='lat' dir='ltr'>quasi</span> <span class='ocrx_word' id='word_1_17' title='bbox 817 1047 862 1130; x_wconf 92' lang='lat' dir='ltr'>in</span> <span class='ocrx_word' id='word_1_18' title='bbox 888 1062 1110 1130; x_wconf 87' lang='lat' dir='ltr'>numerato</span> <span class='ocrx_word' id='word_1_19' title='bbox 1138 1073 1221 1127; x_wconf 90' lang='lat' dir='ltr'>non</span> <span class='ocrx_word' id='word_1_20' title='bbox 1250 1040 1432 1126; x_wconf 75' lang='lat' dir='ltr'>habeat?</span> <span class='ocrx_word' id='word_1_21' title='bbox 1460 1043 1583 1127; x_wconf 90' lang='lat' dir='ltr'>Secus</span> <span class='ocrx_word' id='word_1_22' title='bbox 1611 1043 1724 1126; x_wconf 89' lang='lat' dir='ltr'>enim</span> <span class='ocrx_word' id='word_1_23' title='bbox 1752 1043 1942 1154; x_wconf 80' lang='lat' dir='ltr'>scriptori</span> <span class='ocrx_word' id='word_1_24' title='bbox 1966 1072 2105 1128; x_wconf 89' lang='lat' dir='ltr'>nonne</span> 
     </span>
     <span class='ocr_line' id='line_1_5' title="bbox 670 1183 2104 1300; baseline -0.001 -28"><span class='ocrx_word' id='word_1_25' title='bbox 670 1188 784 1272; x_wconf 92' lang='lat' dir='ltr'>idem</span> <span class='ocrx_word' id='word_1_26' title='bbox 813 1184 1157 1300; x_wconf 86' lang='lat' dir='ltr'>exprobrandum</span> <span class='ocrx_word' id='word_1_27' title='bbox 1185 1183 1303 1288; x_wconf 87' lang='lat' dir='ltr'>foret,</span> <span class='ocrx_word' id='word_1_28' title='bbox 1325 1213 1373 1269; x_wconf 92' lang='lat' dir='ltr'>ac</span> <span class='ocrx_word' id='word_1_29' title='bbox 1392 1187 1426 1268; x_wconf 89' lang='lat' dir='ltr'>si</span> <span class='ocrx_word' id='word_1_30' title='bbox 1445 1185 1690 1270; x_wconf 87' lang='lat' dir='ltr'>destitutam</span> <span class='ocrx_word' id='word_1_31' title='bbox 1717 1184 2000 1271; x_wconf 85' lang='lat' dir='ltr'>fundamentis</span> <span class='ocrx_word' id='word_1_32' title='bbox 2026 1185 2104 1276; x_wconf 88' lang='lat' dir='ltr'>do·</span> 
     </span>
     <span class='ocr_line' id='line_1_6' title="bbox 672 1325 1324 1416; baseline -0.009 0"><span class='ocrx_word' id='word_1_33' title='bbox 672 1359 796 1416; x_wconf 89' lang='lat' dir='ltr'>mum</span> <span class='ocrx_word' id='word_1_34' title='bbox 825 1327 1002 1414; x_wconf 91' lang='lat' dir='ltr'>condere</span> <span class='ocrx_word' id='word_1_35' title='bbox 1031 1325 1324 1413; x_wconf 71' lang='lat' dir='ltr'>adniteretur?</span> 
     </span>
     <span class='ocr_line' id='line_1_7' title="bbox 783 1469 2105 1583; baseline -0.001 -25"><span class='ocrx_word' id='word_1_36' title='bbox 783 1472 895 1558; x_wconf 88' lang='lat' dir='ltr'>Cum</span> <span class='ocrx_word' id='word_1_37' title='bbox 923 1469 1254 1583; x_wconf 86' lang='lat' dir='ltr'>exploratissima</span> <span class='ocrx_word' id='word_1_38' title='bbox 1283 1469 1554 1556; x_wconf 84' lang='lat' dir='ltr'>haecomnia</span> <span class='ocrx_word' id='word_1_39' title='bbox 1584 1469 1979 1556; x_wconf 89' lang='lat' dir='ltr'>animadvertissent</span> <span class='ocrx_word' id='word_1_40' title='bbox 2013 1471 2105 1583; x_wconf 90' lang='lat' dir='ltr'>ple-</span> 
     </span>
     <span class='ocr_line' id='line_1_8' title="bbox 635 1615 2102 1730; baseline -0.003 -22"><span class='ocrx_word' id='word_1_41' title='bbox 635 1703 638 1708; x_wconf 66' lang='lat'>,</span> <span class='ocrx_word' id='word_1_42' title='bbox 672 1619 795 1730; x_wconf 91' lang='lat' dir='ltr'>rique</span> <span class='ocrx_word' id='word_1_43' title='bbox 834 1621 1017 1718; x_wconf 89' lang='lat' dir='ltr'>eorum,</span> <span class='ocrx_word' id='word_1_44' title='bbox 1048 1616 1123 1726; x_wconf 91' lang='lat' dir='ltr'>qui</span> <span class='ocrx_word' id='word_1_45' title='bbox 1153 1615 1356 1725; x_wconf 83' lang='lat' dir='ltr'>superiori</span> <span class='ocrx_word' id='word_1_46' title='bbox 1383 1617 1546 1701; x_wconf 88' lang='lat' dir='ltr'>saeculo</span> <span class='ocrx_word' id='word_1_47' title='bbox 1574 1645 1660 1700; x_wconf 92' lang='lat' dir='ltr'>non</span> <span class='ocrx_word' id='word_1_48' title='bbox 1704 1617 1864 1726; x_wconf 83' lang='lat' dir='ltr'>vulgari</span> <span class='ocrx_word' id='word_1_49' title='bbox 1913 1615 2102 1703; x_wconf 86' lang='lat' dir='ltr'>doctrina</span> 
     </span>
     <span class='ocr_line' id='line_1_9' title="bbox 671 1753 2104 1870; baseline 0 -27"><span class='ocrx_word' id='word_1_50' title='bbox 671 1757 939 1856; x_wconf 87' lang='lat' dir='ltr'>floruerunt,</span> <span class='ocrx_word' id='word_1_51' title='bbox 970 1754 1055 1840; x_wconf 89' lang='lat' dir='ltr'>duo</span> <span class='ocrx_word' id='word_1_52' title='bbox 1084 1753 1258 1866; x_wconf 90' lang='lat' dir='ltr'>quidem</span> <span class='ocrx_word' id='word_1_53' title='bbox 1287 1757 1434 1840; x_wconf 90' lang='lat' dir='ltr'>itinera</span> <span class='ocrx_word' id='word_1_54' title='bbox 1464 1758 1631 1866; x_wconf 86' lang='lat' dir='ltr'>ingressi</span> <span class='ocrx_word' id='word_1_55' title='bbox 1665 1775 1796 1864; x_wconf 87' lang='lat' dir='ltr'>sunt,</span> <span class='ocrx_word' id='word_1_56' title='bbox 1826 1759 2014 1870; x_wconf 88' lang='lat' dir='ltr'>duasque</span> <span class='ocrx_word' id='word_1_57' title='bbox 2033 1787 2104 1843; x_wconf 87' lang='lat' dir='ltr'>ve·</span> 
     </span>
     <span class='ocr_line' id='line_1_10' title="bbox 668 1895 2103 2003; baseline 0 -19"><span class='ocrx_word' id='word_1_58' title='bbox 668 1901 750 1984; x_wconf 90' lang='lat' dir='ltr'>luti</span> <span class='ocrx_word' id='word_1_59' title='bbox 780 1899 887 1984; x_wconf 91' lang='lat' dir='ltr'>acies</span> <span class='ocrx_word' id='word_1_60' title='bbox 915 1895 1166 1982; x_wconf 86' lang='lat' dir='ltr'>conflarunt.</span> <span class='ocrx_word' id='word_1_61' title='bbox 1195 1898 1282 2003; x_wconf 90' lang='lat' dir='ltr'>Qui</span> <span class='ocrx_word' id='word_1_62' title='bbox 1312 1899 1459 1983; x_wconf 87' lang='lat' dir='ltr'>maiori</span> <span class='ocrx_word' id='word_1_63' title='bbox 1487 1901 1604 1984; x_wconf 90' lang='lat' dir='ltr'>oneri</span> <span class='ocrx_word' id='word_1_64' title='bbox 1632 1898 1851 1985; x_wconf 92' lang='lat' dir='ltr'>subeundo</span> <span class='ocrx_word' id='word_1_65' title='bbox 1878 1931 1961 1985; x_wconf 90' lang='lat' dir='ltr'>sese</span> <span class='ocrx_word' id='word_1_66' title='bbox 1985 1899 2103 1985; x_wconf 88' lang='lat' dir='ltr'>haud</span> 
     </span>
     <span class='ocr_line' id='line_1_11' title="bbox 669 2041 2104 2155; baseline 0 -27"><span class='ocrx_word' id='word_1_67' title='bbox 669 2047 850 2155; x_wconf 89' lang='lat' dir='ltr'>impares</span> <span class='ocrx_word' id='word_1_68' title='bbox 879 2046 967 2129; x_wconf 85' lang='lat' dir='ltr'>fore</span> <span class='ocrx_word' id='word_1_69' title='bbox 996 2041 1298 2146; x_wconf 91' lang='lat' dir='ltr'>confidebant,</span> <span class='ocrx_word' id='word_1_70' title='bbox 1330 2042 1428 2126; x_wconf 91' lang='lat' dir='ltr'>illuc</span> <span class='ocrx_word' id='word_1_71' title='bbox 1457 2071 1599 2129; x_wconf 90' lang='lat' dir='ltr'>omnes</span> <span class='ocrx_word' id='word_1_72' title='bbox 1628 2043 1813 2130; x_wconf 89' lang='lat' dir='ltr'>solertiae</span> <span class='ocrx_word' id='word_1_73' title='bbox 1854 2073 2004 2130; x_wconf 87' lang='lat' dir='ltr'>nervos</span> <span class='ocrx_word' id='word_1_74' title='bbox 2038 2048 2104 2129; x_wconf 90' lang='lat' dir='ltr'>in-</span> 
     </span>
     <span class='ocr_line' id='line_1_12' title="bbox 677 2183 2102 2290; baseline 0.001 -22"><span class='ocrx_word' id='word_1_75' title='bbox 677 2184 934 2290; x_wconf 90' lang='lat' dir='ltr'>tenderunt,</span> <span class='ocrx_word' id='word_1_76' title='bbox 980 2203 1028 2269; x_wconf 91' lang='lat' dir='ltr'>ut</span> <span class='ocrx_word' id='word_1_77' title='bbox 1067 2216 1119 2269; x_wconf 84' lang='lat' dir='ltr'>ex</span> <span class='ocrx_word' id='word_1_78' title='bbox 1165 2183 1443 2268; x_wconf 87' lang='lat' dir='ltr'>archivorum</span> <span class='ocrx_word' id='word_1_79' title='bbox 1480 2213 1527 2268; x_wconf 93' lang='lat' dir='ltr'>ac</span> <span class='ocrx_word' id='word_1_80' title='bbox 1555 2183 1900 2270; x_wconf 88' lang='lat' dir='ltr'>bibliothecarum</span> <span class='ocrx_word' id='word_1_81' title='bbox 1941 2184 2102 2290; x_wconf 87' lang='lat' dir='ltr'>forulis,</span> 
     </span>
     <span class='ocr_line' id='line_1_13' title="bbox 676 2321 2104 2437; baseline 0.001 -30"><span class='ocrx_word' id='word_1_82' title='bbox 676 2324 881 2437; x_wconf 89' lang='lat' dir='ltr'>quicquid</span> <span class='ocrx_word' id='word_1_83' title='bbox 898 2344 1081 2436; x_wconf 89' lang='lat' dir='ltr'>possent,</span> <span class='ocrx_word' id='word_1_84' title='bbox 1113 2352 1281 2410; x_wconf 86' lang='lat' dir='ltr'>summa</span> <span class='ocrx_word' id='word_1_85' title='bbox 1311 2321 1519 2409; x_wconf 89' lang='lat' dir='ltr'>industria</span> <span class='ocrx_word' id='word_1_86' title='bbox 1549 2322 1874 2436; x_wconf 89' lang='lat' dir='ltr'>depromerent,</span> <span class='ocrx_word' id='word_1_87' title='bbox 1896 2354 1962 2410; x_wconf 62' lang='lat' dir='ltr'>&lt;ac</span> <span class='ocrx_word' id='word_1_88' title='bbox 1986 2326 2104 2411; x_wconf 85' lang='lat' dir='ltr'>alteri</span> 
     </span>
     <span class='ocr_line' id='line_1_14' title="bbox 669 2463 2103 2579; baseline 0.002 -32"><span class='ocrx_word' id='word_1_89' title='bbox 669 2463 893 2554; x_wconf 88' lang='lat' dir='ltr'>homiuum</span> <span class='ocrx_word' id='word_1_90' title='bbox 924 2466 1256 2553; x_wconf 82' lang='lat' dir='ltr'>doctissimorum</span> <span class='ocrx_word' id='word_1_91' title='bbox 1284 2467 1386 2548; x_wconf 91' lang='lat' dir='ltr'>aciei</span> <span class='ocrx_word' id='word_1_92' title='bbox 1416 2463 1656 2566; x_wconf 88' lang='lat' dir='ltr'>traderent,</span> <span class='ocrx_word' id='word_1_93' title='bbox 1687 2465 1762 2579; x_wconf 91' lang='lat' dir='ltr'>qui</span> <span class='ocrx_word' id='word_1_94' title='bbox 1783 2465 1934 2550; x_wconf 89' lang='lat' dir='ltr'>animis</span> <span class='ocrx_word' id='word_1_95' title='bbox 1952 2467 2007 2551; x_wconf 89' lang='lat' dir='ltr'>ad</span> <span class='ocrx_word' id='word_1_96' title='bbox 2034 2495 2103 2550; x_wconf 92' lang='lat' dir='ltr'>su·</span> 
     </span>
     <span class='ocr_line' id='line_1_15' title="bbox 668 2610 2102 2722; baseline -0.001 -26"><span class='ocrx_word' id='word_1_97' title='bbox 668 2613 862 2697; x_wconf 89' lang='lat' dir='ltr'>blimiora</span> <span class='ocrx_word' id='word_1_98' title='bbox 894 2611 1158 2697; x_wconf 88' lang='lat' dir='ltr'>tendentibus</span> <span class='ocrx_word' id='word_1_99' title='bbox 1177 2639 1229 2694; x_wconf 86' lang='lat' dir='ltr'>ex</span> <span class='ocrx_word' id='word_1_100' title='bbox 1258 2611 1321 2713; x_wconf 90' lang='lat' dir='ltr'>iis,</span> <span class='ocrx_word' id='word_1_101' title='bbox 1343 2639 1453 2722; x_wconf 90' lang='lat' dir='ltr'>quae</span> <span class='ocrx_word' id='word_1_102' title='bbox 1472 2610 1575 2694; x_wconf 91' lang='lat' dir='ltr'>olim</span> <span class='ocrx_word' id='word_1_103' title='bbox 1594 2612 1864 2720; x_wconf 85' lang='lat' dir='ltr'>contigerant,</span> <span class='ocrx_word' id='word_1_104' title='bbox 1886 2630 1960 2696; x_wconf 90' lang='lat' dir='ltr'>aut</span> <span class='ocrx_word' id='word_1_105' title='bbox 1979 2611 2102 2695; x_wconf 90' lang='lat' dir='ltr'>histo-</span> 
     </span>
     <span class='ocr_line' id='line_1_16' title="bbox 669 2750 2102 2854; baseline 0.001 -18"><span class='ocrx_word' id='word_1_106' title='bbox 669 2756 774 2836; x_wconf 89' lang='lat' dir='ltr'>ricas</span> <span class='ocrx_word' id='word_1_107' title='bbox 802 2754 1055 2837; x_wconf 85' lang='lat' dir='ltr'>narrationes</span> <span class='ocrx_word' id='word_1_108' title='bbox 1083 2751 1368 2854; x_wconf 87' lang='lat' dir='ltr'>conscribere,</span> <span class='ocrx_word' id='word_1_109' title='bbox 1400 2769 1472 2835; x_wconf 93' lang='lat' dir='ltr'>aut</span> <span class='ocrx_word' id='word_1_110' title='bbox 1491 2750 1742 2836; x_wconf 89' lang='lat' dir='ltr'>documenta</span> <span class='ocrx_word' id='word_1_111' title='bbox 1759 2751 1955 2836; x_wconf 90' lang='lat' dir='ltr'>humanis</span> <span class='ocrx_word' id='word_1_112' title='bbox 1979 2755 2102 2840; x_wconf 90' lang='lat' dir='ltr'>rebus</span> 
     </span>
     <span class='ocr_line' id='line_1_17' title="bbox 670 2895 2102 3012; baseline 0.001 -30"><span class='ocrx_word' id='word_1_113' title='bbox 670 2901 821 2984; x_wconf 87' lang='lat' dir='ltr'>rectius</span> <span class='ocrx_word' id='word_1_114' title='bbox 854 2897 1117 2986; x_wconf 85' lang='lat' dir='ltr'>instituendis</span> <span class='ocrx_word' id='word_1_115' title='bbox 1151 2896 1464 2982; x_wconf 88' lang='lat' dir='ltr'>accommodata</span> <span class='ocrx_word' id='word_1_116' title='bbox 1498 2895 1670 2980; x_wconf 87' lang='lat' dir='ltr'>haurire</span> <span class='ocrx_word' id='word_1_117' title='bbox 1688 2896 1764 2979; x_wconf 89' lang='lat' dir='ltr'>sibi</span> <span class='ocrx_word' id='word_1_118' title='bbox 1787 2917 2102 3012; x_wconf 89' lang='lat' dir='ltr'>proposuerant.</span> 
     </span>
     <span class='ocr_line' id='line_1_18' title="bbox 783 3037 2103 3148; baseline 0.002 -24"><span class='ocrx_word' id='word_1_119' title='bbox 783 3038 1025 3124; x_wconf 89' lang='lat' dir='ltr'>Istiusmodi</span> <span class='ocrx_word' id='word_1_120' title='bbox 1066 3067 1167 3120; x_wconf 90' lang='lat' dir='ltr'>vero</span> <span class='ocrx_word' id='word_1_121' title='bbox 1201 3037 1569 3148; x_wconf 90' lang='lat' dir='ltr'>diplomaticarum</span> <span class='ocrx_word' id='word_1_122' title='bbox 1615 3038 1905 3126; x_wconf 85' lang='lat' dir='ltr'>collectionum</span> <span class='ocrx_word' id='word_1_123' title='bbox 1932 3041 2103 3127; x_wconf 82' lang='lat' dir='ltr'>incuna-</span> 
     </span>
     <span class='ocr_line' id='line_1_19' title="bbox 668 3182 2099 3295; baseline 0.002 -27"><span class='ocrx_word' id='word_1_124' title='bbox 668 3187 769 3268; x_wconf 90' lang='lat' dir='ltr'>bula</span> <span class='ocrx_word' id='word_1_125' title='bbox 811 3184 1125 3293; x_wconf 87' lang='lat' dir='ltr'>comperiuntur</span> <span class='ocrx_word' id='word_1_126' title='bbox 1165 3211 1265 3264; x_wconf 91' lang='lat' dir='ltr'>cum</span> <span class='ocrx_word' id='word_1_127' title='bbox 1303 3188 1345 3265; x_wconf 90' lang='lat' dir='ltr'>in</span> <span class='ocrx_word' id='word_1_128' title='bbox 1385 3182 1599 3293; x_wconf 89' lang='lat' dir='ltr'>Dypticis,</span> <span class='ocrx_word' id='word_1_129' title='bbox 1631 3213 1678 3266; x_wconf 89' lang='lat' dir='ltr'>ac</span> <span class='ocrx_word' id='word_1_130' title='bbox 1719 3185 1963 3295; x_wconf 80' lang='lat' dir='ltr'>Polypticis,</span> <span class='ocrx_word' id='word_1_131' title='bbox 2007 3207 2099 3272; x_wconf 91' lang='lat' dir='ltr'>tum</span> 
     </span>
     <span class='ocr_line' id='line_1_20' title="bbox 667 3325 2100 3443; baseline 0.002 -31"><span class='ocrx_word' id='word_1_132' title='bbox 667 3358 768 3412; x_wconf 82' lang='lat' dir='ltr'>vero</span> <span class='ocrx_word' id='word_1_133' title='bbox 810 3329 854 3410; x_wconf 91' lang='lat' dir='ltr'>in</span> <span class='ocrx_word' id='word_1_134' title='bbox 882 3325 1124 3429; x_wconf 89' lang='lat' dir='ltr'>Chartariis,</span> <span class='ocrx_word' id='word_1_135' title='bbox 1154 3354 1262 3439; x_wconf 94' lang='lat' dir='ltr'>quae</span> <span class='ocrx_word' id='word_1_136' title='bbox 1297 3325 1473 3409; x_wconf 85' lang='lat' dir='ltr'>abeunte</span> <span class='ocrx_word' id='word_1_137' title='bbox 1500 3327 1661 3410; x_wconf 91' lang='lat' dir='ltr'>saeculo</span> <span class='ocrx_word' id='word_1_138' title='bbox 1706 3331 1751 3414; x_wconf 93' lang='lat' dir='ltr'>X</span> <span class='ocrx_word' id='word_1_139' title='bbox 1795 3327 1917 3412; x_wconf 90' lang='lat' dir='ltr'>condi</span> <span class='ocrx_word' id='word_1_140' title='bbox 1957 3351 2100 3443; x_wconf 88' lang='lat' dir='ltr'>coepta</span> 
     </span>
     <span class='ocr_line' id='line_1_21' title="bbox 666 3465 2099 3583; baseline 0.001 -28"><span class='ocrx_word' id='word_1_141' title='bbox 666 3471 849 3555; x_wconf 80' lang='lat' dir='ltr'>fueraut.</span> <span class='ocrx_word' id='word_1_142' title='bbox 879 3467 947 3552; x_wconf 85' lang='lat' dir='ltr'>Ex</span> <span class='ocrx_word' id='word_1_143' title='bbox 976 3467 1170 3552; x_wconf 89' lang='lat' dir='ltr'>omnibus</span> <span class='ocrx_word' id='word_1_144' title='bbox 1207 3465 1318 3552; x_wconf 91' lang='lat' dir='ltr'>hisce</span> <span class='ocrx_word' id='word_1_145' title='bbox 1350 3467 1599 3572; x_wconf 87' lang='lat' dir='ltr'>Chartariis,</span> <span class='ocrx_word' id='word_1_146' title='bbox 1634 3498 1742 3581; x_wconf 93' lang='lat' dir='ltr'>quae</span> <span class='ocrx_word' id='word_1_147' title='bbox 1771 3472 1969 3583; x_wconf 91' lang='lat' dir='ltr'>temporis</span> <span class='ocrx_word' id='word_1_148' title='bbox 2001 3472 2099 3557; x_wconf 89' lang='lat' dir='ltr'>eda·</span> 
     </span>
     <span class='ocr_line' id='line_1_22' title="bbox 667 3613 2097 3731; baseline 0.003 -32"><span class='ocrx_word' id='word_1_149' title='bbox 667 3617 780 3699; x_wconf 91' lang='lat' dir='ltr'>citati</span> <span class='ocrx_word' id='word_1_150' title='bbox 810 3632 949 3724; x_wconf 88' lang='lat' dir='ltr'>erepta</span> <span class='ocrx_word' id='word_1_151' title='bbox 978 3629 1221 3724; x_wconf 90' lang='lat' dir='ltr'>supersunt,</span> <span class='ocrx_word' id='word_1_152' title='bbox 1263 3614 1592 3696; x_wconf 89' lang='lat' dir='ltr'>vetustissimum</span> <span class='ocrx_word' id='word_1_153' title='bbox 1631 3613 1807 3698; x_wconf 89' lang='lat' dir='ltr'>habetur</span> <span class='ocrx_word' id='word_1_154' title='bbox 1842 3617 1971 3723; x_wconf 92' lang='lat' dir='ltr'>illud,</span> <span class='ocrx_word' id='word_1_155' title='bbox 2013 3649 2097 3731; x_wconf 93' lang='lat' dir='ltr'>quo</span> 
     </span>
     <span class='ocr_line' id='line_1_23' title="bbox 667 3750 2100 3868; baseline 0.001 -28"><span class='ocrx_word' id='word_1_156' title='bbox 667 3755 898 3868; x_wconf 85' lang='lat' dir='ltr'>Folquinus</span> <span class='ocrx_word' id='word_1_157' title='bbox 917 3753 1129 3838; x_wconf 88' lang='lat' dir='ltr'>Sithiensis</span> <span class='ocrx_word' id='word_1_158' title='bbox 1142 3751 1339 3838; x_wconf 90' lang='lat' dir='ltr'>Coenobii</span> <span class='ocrx_word' id='word_1_159' title='bbox 1358 3750 1567 3836; x_wconf 88' lang='lat' dir='ltr'>chartulas</span> <span class='ocrx_word' id='word_1_160' title='bbox 1587 3759 1815 3867; x_wconf 85' lang='lat' dir='ltr'>exscripsit.</span> <span class='ocrx_word' id='word_1_161' title='bbox 1838 3760 1950 3844; x_wconf 90' lang='lat' dir='ltr'>Cum</span> <span class='ocrx_word' id='word_1_162' title='bbox 1979 3761 2100 3844; x_wconf 89' lang='lat' dir='ltr'>lucu-</span> 
     </span>
     <span class='ocr_line' id='line_1_24' title="bbox 668 3896 2097 4016; baseline 0.004 -34"><span class='ocrx_word' id='word_1_163' title='bbox 668 3901 910 3983; x_wconf 88' lang='lat' dir='ltr'>brationum</span> <span class='ocrx_word' id='word_1_164' title='bbox 937 3899 1094 3982; x_wconf 90' lang='lat' dir='ltr'>harum</span> <span class='ocrx_word' id='word_1_165' title='bbox 1114 3896 1338 3980; x_wconf 88' lang='lat' dir='ltr'>utilitatem</span> <span class='ocrx_word' id='word_1_166' title='bbox 1376 3898 1681 4011; x_wconf 88' lang='lat' dir='ltr'>veritatemque</span> <span class='ocrx_word' id='word_1_167' title='bbox 1710 3900 1896 3986; x_wconf 91' lang='lat' dir='ltr'>ubertim</span> <span class='ocrx_word' id='word_1_168' title='bbox 1933 3925 2097 4016; x_wconf 86' lang='lat' dir='ltr'>pertra-</span> 
     </span>
     <span class='ocr_line' id='line_1_25' title="bbox 668 4037 2099 4156; baseline 0.003 -29"><span class='ocrx_word' id='word_1_169' title='bbox 668 4043 819 4127; x_wconf 89' lang='lat' dir='ltr'>ctarint</span> <span class='ocrx_word' id='word_1_170' title='bbox 868 4060 963 4125; x_wconf 90' lang='lat' dir='ltr'>tum</span> <span class='ocrx_word' id='word_1_171' title='bbox 1006 4037 1193 4121; x_wconf 90' lang='lat' dir='ltr'>Maurini</span> <span class='ocrx_word' id='word_1_172' title='bbox 1237 4037 1445 4143; x_wconf 90' lang='lat' dir='ltr'>duoviri,</span> <span class='ocrx_word' id='word_1_173' title='bbox 1497 4060 1590 4124; x_wconf 87' lang='lat' dir='ltr'>tum</span> <span class='ocrx_word' id='word_1_174' title='bbox 1637 4042 1788 4156; x_wconf 91' lang='lat' dir='ltr'>reliqui</span> <span class='ocrx_word' id='word_1_175' title='bbox 1836 4043 2099 4156; x_wconf 89' lang='lat' dir='ltr'>diplomatici</span> 
     </span>
     <span class='ocr_line' id='line_1_26' title="bbox 667 4179 2097 4296; baseline 0.004 -26"><span class='ocrx_word' id='word_1_176' title='bbox 667 4186 915 4296; x_wconf 86' lang='lat' dir='ltr'>scriptores,</span> <span class='ocrx_word' id='word_1_177' title='bbox 957 4182 1064 4268; x_wconf 90' lang='lat' dir='ltr'>nihil</span> <span class='ocrx_word' id='word_1_178' title='bbox 1093 4181 1146 4265; x_wconf 94' lang='lat' dir='ltr'>de</span> <span class='ocrx_word' id='word_1_179' title='bbox 1176 4179 1321 4264; x_wconf 90' lang='lat' dir='ltr'>iisdem</span> <span class='ocrx_word' id='word_1_180' title='bbox 1350 4213 1423 4267; x_wconf 91' lang='lat' dir='ltr'>nos</span> <span class='ocrx_word' id='word_1_181' title='bbox 1452 4181 1542 4266; x_wconf 92' lang='lat' dir='ltr'>heic</span> <span class='ocrx_word' id='word_1_182' title='bbox 1571 4186 1790 4273; x_wconf 88' lang='lat' dir='ltr'>immorari</span> <span class='ocrx_word' id='word_1_183' title='bbox 1828 4219 1988 4274; x_wconf 89' lang='lat' dir='ltr'>necesse</span> <span class='ocrx_word' id='word_1_184' title='bbox 2015 4191 2097 4277; x_wconf 89' lang='lat' dir='ltr'>ha-</span> 
     </span>
     <span class='ocr_line' id='line_1_27' title="bbox 664 4323 2092 4442; baseline 0.006 -31"><span class='ocrx_word' id='word_1_185' title='bbox 664 4329 826 4432; x_wconf 87' lang='lat' dir='ltr'>bemus,</span> <span class='ocrx_word' id='word_1_186' title='bbox 850 4354 898 4410; x_wconf 91' lang='lat' dir='ltr'>ac</span> <span class='ocrx_word' id='word_1_187' title='bbox 918 4326 1099 4410; x_wconf 89' lang='lat' dir='ltr'>contenti</span> <span class='ocrx_word' id='word_1_188' title='bbox 1119 4323 1270 4408; x_wconf 91' lang='lat' dir='ltr'>idcirco</span> <span class='ocrx_word' id='word_1_189' title='bbox 1290 4325 1446 4408; x_wconf 89' lang='lat' dir='ltr'>erimus</span> <span class='ocrx_word' id='word_1_190' title='bbox 1465 4323 1727 4414; x_wconf 87' lang='lat' dir='ltr'>solummodo</span> <span class='ocrx_word' id='word_1_191' title='bbox 1747 4335 2092 4442; x_wconf 89' lang='lat' dir='ltr'>commeminisse,</span> 
     </span>
     <span class='ocr_line' id='line_1_28' title="bbox 666 4466 2093 4594; baseline 0.006 -39"><span class='ocrx_word' id='word_1_192' title='bbox 666 4470 966 4584; x_wconf 87' lang='lat' dir='ltr'>antiquioribus</span> <span class='ocrx_word' id='word_1_193' title='bbox 986 4467 1216 4557; x_wconf 91' lang='lat' dir='ltr'>Chartariis</span> <span class='ocrx_word' id='word_1_194' title='bbox 1231 4466 1529 4552; x_wconf 90' lang='lat' dir='ltr'>accensendum</span> <span class='ocrx_word' id='word_1_195' title='bbox 1550 4499 1633 4554; x_wconf 90' lang='lat' dir='ltr'>esse</span> <span class='ocrx_word' id='word_1_196' title='bbox 1654 4472 1760 4559; x_wconf 90' lang='lat' dir='ltr'>illud</span> <span class='ocrx_word' id='word_1_197' title='bbox 1779 4475 1998 4562; x_wconf 89' lang='lat' dir='ltr'>conditum</span> <span class='ocrx_word' id='word_1_198' title='bbox 2017 4509 2093 4594; x_wconf 92' lang='lat' dir='ltr'>pro</span> 
     </span>
     <span class='ocr_line' id='line_1_29' title="bbox 665 4612 2090 4732; baseline 0.004 -28"><span class='ocrx_word' id='word_1_199' title='bbox 665 4618 934 4705; x_wconf 89' lang='lat' dir='ltr'>Casauriensi</span> <span class='ocrx_word' id='word_1_200' title='bbox 960 4615 1201 4718; x_wconf 91' lang='lat' dir='ltr'>Coenobio,</span> <span class='ocrx_word' id='word_1_201' title='bbox 1238 4612 1352 4726; x_wconf 91' lang='lat' dir='ltr'>quod</span> <span class='ocrx_word' id='word_1_202' title='bbox 1381 4617 1424 4699; x_wconf 92' lang='lat' dir='ltr'>in</span> <span class='ocrx_word' id='word_1_203' title='bbox 1454 4634 1591 4702; x_wconf 90' lang='lat' dir='ltr'>nostro</span> <span class='ocrx_word' id='word_1_204' title='bbox 1619 4618 1721 4703; x_wconf 91' lang='lat' dir='ltr'>olim</span> <span class='ocrx_word' id='word_1_205' title='bbox 1741 4621 1884 4731; x_wconf 85' lang='lat' dir='ltr'>Regno</span> <span class='ocrx_word' id='word_1_206' title='bbox 1905 4625 2090 4732; x_wconf 87' lang='lat' dir='ltr'>extabat,</span> 
     </span>
     <span class='ocr_line' id='line_1_30' title="bbox 667 4757 2094 4878; baseline 0.004 -32"><span class='ocrx_word' id='word_1_207' title='bbox 667 4791 743 4848; x_wconf 90' lang='lat' dir='ltr'>nec</span> <span class='ocrx_word' id='word_1_208' title='bbox 773 4763 973 4878; x_wconf 89' lang='lat' dir='ltr'>cuiquam</span> <span class='ocrx_word' id='word_1_209' title='bbox 1003 4759 1238 4844; x_wconf 85' lang='lat' dir='ltr'>celebritate</span> <span class='ocrx_word' id='word_1_210' title='bbox 1272 4757 1607 4871; x_wconf 89' lang='lat' dir='ltr'>posthabendum</span> <span class='ocrx_word' id='word_1_211' title='bbox 1642 4762 1822 4847; x_wconf 90' lang='lat' dir='ltr'>alterum</span> <span class='ocrx_word' id='word_1_212' title='bbox 1856 4762 1911 4850; x_wconf 91' lang='lat' dir='ltr'>ad</span> <span class='ocrx_word' id='word_1_213' title='bbox 1942 4768 2094 4852; x_wconf 92' lang='lat' dir='ltr'>Mona-</span> 
     </span>
     <span class='ocr_line' id='line_1_31' title="bbox 664 4903 2087 5022; baseline 0.004 -29"><span class='ocrx_word' id='word_1_214' title='bbox 664 4907 837 4993; x_wconf 89' lang='lat' dir='ltr'>sterium</span> <span class='ocrx_word' id='word_1_215' title='bbox 860 4907 1080 4995; x_wconf 88' lang='lat' dir='ltr'>Casinense</span> <span class='ocrx_word' id='word_1_216' title='bbox 1100 4924 1285 5014; x_wconf 87' lang='lat' dir='ltr'>spectans</span> <span class='ocrx_word' id='word_1_217' title='bbox 1305 4932 1329 4986; x_wconf 92' lang='lat' dir='ltr'>a</span> <span class='ocrx_word' id='word_1_218' title='bbox 1350 4903 1480 4988; x_wconf 88' lang='lat' dir='ltr'>Paulo</span> <span class='ocrx_word' id='word_1_219' title='bbox 1494 4903 1776 4992; x_wconf 86' lang='lat' dir='ltr'>Wamefrido</span> <span class='ocrx_word' id='word_1_220' title='bbox 1791 4912 2087 5022; x_wconf 88' lang='lat' dir='ltr'>conscriptum.</span> 
     </span>
    </p>
   </div>
   <div class='ocr_carea' id='block_1_3' title="bbox 0 0 2312 6532">
    <p class='ocr_par' dir='ltr' id='par_1_3' title="bbox 0 0 2312 6532">
     <span class='ocr_line' id='line_1_32' title="bbox 0 0 2312 6532; baseline 0 2"><span class='ocrx_word' id='word_1_221' title='bbox 0 0 2312 6532; x_wconf 95' lang='lat' dir='ltr'> </span> 
     </span>
    </p>
   </div>
   <div class='ocr_carea' id='block_1_4' title="bbox 1436 6143 2293 6508">
    <p class='ocr_par' dir='ltr' id='par_1_4' title="bbox 1436 6143 2293 6508">
     <span class='ocr_line' id='line_1_33' title="bbox 1436 6143 2293 6508; baseline 0 -2"><span class='ocrx_word' id='word_1_222' title='bbox 1436 6491 1739 6508; x_wconf 73' lang='grc' dir='ltr'>ι---ι-·-··ι---ι--</span> <span class='ocrx_word' id='word_1_223' title='bbox 1746 6143 2293 6508; x_wconf 39' lang='grc' dir='ltr'>ι--ῌ-νᾸ</span> 
     </span>
    </p>
   </div>
  </div>
 </body>
</html>
