4692 6512
1299 599 1442 700 (aaa)

661 779 786 872 busque
810 772 871 845 sivi
896 766 1132 864 pertinentibus
1154 764 1293 837 habente
1308 765 1349 836 de
1364 784 1432 837 uno
1447 759 1547 832 latere
1562 765 1654 853 parte
1672 755 1806 828 oriemis
1821 749 1985 826 nominato
2000 761 2086 825 terra

662 901 836 976 nonunatis
851 896 938 968 leoni
953 905 986 968 et
1001 892 1171 966 lrutiniani.
1188 901 1221 962 ot
1240 891 1280 962 de
1297 889 1361 960 alio
1376 888 1476 959 latere
1488 897 1579 982 parte
1589 881 1789 957 hoccidentis
1805 891 1891 952 terra
1907 891 2025 950 nostra.
2042 880 2085 949 de

662 1051 728 1100 uno
745 1023 850 1118 capite
865 1031 956 1116 parte
973 1015 1200 1116 septentrionis
1217 1023 1301 1088 terra
1312 1009 1500 1084 monasterii
1516 1019 1702 1082 sanctorum
1717 1006 1869 1099 nigandri
1885 1015 1918 1077 et
1929 1005 2085 1075 marciani

660 1155 843 1250 puellarum
867 1150 920 1223 dei
946 1149 994 1246 (t)
1021 1146 1117 1218 sicuti
1152 1145 1237 1216 inter
1272 1165 1306 1213 se
1331 1140 1384 1212 via
1416 1139 1558 1212 delicat:
1595 1139 1636 1210 ad
1657 1156 1736 1208 uero
1767 1133 1832 1204 alio
1858 1134 1962 1228 capite
1994 1143 2086 1226 parte

659 1279 809 1353 meridiei
826 1287 912 1348 terra
927 1273 1049 1345 mariae
1064 1273 1103 1344 de
1119 1269 1251 1367 pacifica
1272 1265 1369 1340 sicuti
1392 1266 1477 1336 inter
1497 1286 1532 1335 se
1552 1261 1676 1334 exfinat
1690 1260 1856 1332 nominata
1884 1261 1936 1329 via
1952 1257 2087 1352 antiqua

661 1405 719 1500 qui
743 1404 861 1476 dicitur
885 1419 1065 1471 arenarum.
1082 1398 1170 1468 unde
1193 1393 1275 1464 nihil
1291 1393 1385 1463 vobis
1404 1391 1492 1462 intus
1520 1387 1699 1460 nominatas
1728 1386 2085 1478 coherentias'aliquod

662 1535 848 1608 reserbastis
870 1531 966 1604 sicuti
991 1538 1025 1601 et
1046 1525 1245 1623 quommodo
1276 1531 1385 1593 rrostra
1408 1521 1552 1592 continet
1583 1519 1730 1590 chartula
1758 1541 1823 1612 que
1846 1515 1940 1586 nobis
1967 1515 2085 1586 exinde

662 1660 782 1730 lecistis
804 1658 840 1727 in
862 1677 994 1727 omnem
1010 1653 1205 1727 decisionem
1228 1673 1287 1722 seu
1302 1645 1577 1721 deliberationem.
1593 1643 1678 1729 Quia
1702 1643 1747 1711 ita
1771 1641 1855 1711 inter
1880 1639 1971 1709 nobis
1986 1661 2086 1709 com-

662 1783 774 1854 benit:
802 1780 835 1850 Si
861 1788 969 1851 autem
992 1799 1052 1848 nos
1076 1786 1133 1848 aut
1154 1775 1291 1846 heredes
1306 1771 1424 1843 nostris
1447 1770 1564 1864 quouis
1588 1779 1733 1861 tempore
1760 1774 1873 1836 contra
1888 1763 1970 1835 banc
1985 1762 2086 1832 char-

663 1911 764 1983 tulam
788 1907 1051 1982 commutationis
1078 1916 1115 1980 ut
1141 1926 1241 2001 super
1268 1903 1389 1999 legitur
1421 1899 1533 1974 venire
1560 1896 1850 1994 praesumserimus
1887 1905 1920 1965 et
1953 1891 2087 1964 minime

654 2179 2079 2211 *mma

746 2387 792 2470 (1)
813 2389 1041 2470 antiquioribus
1062 2389 1143 2449 urbis
1163 2403 1283 2451 nocuae
1303 2387 1437 2450 ecclesiis
1457 2384 1638 2448 accensenda
1668 2399 1711 2446 est
1730 2383 1828 2459 haec,
1860 2403 1940 2464 quae
1961 2382 2012 2445 SS.
2033 2383 2090 2444 tti-

666 2495 776 2556 candro
797 2520 830 2558 ac
850 2499 1003 2559 Marciano
1026 2497 1127 2560 dicata
1148 2499 1216 2561 suit.
1236 2501 1305 2581 Ipsa
1335 2499 1373 2559 ad
1399 2499 1613 2559 monasterium
1639 2495 1672 2556 S.
1693 2494 1797 2556 Basilii
1829 2493 1968 2573 Regulae
1997 2493 2089 2552 addi·

665 2619 747 2666 ctum
768 2620 842 2668 teste
862 2605 1011 2687 Ughellio
1032 2607 1129 2690 (luat.
1149 2628 1229 2668 sacr.
1251 2619 1271 2666 t.
1296 2611 1356 2669 VI.
1371 2627 1448 2687 pag.
1466 2606 1511 2688 75
1521 2609 1533 2688 )
1554 2607 1719 2689 spectavit,
1738 2604 1823 2686 quod
1843 2605 1898 2666 sub
1914 2603 2087 2667 eorumdem

664 2731 834 2800 martyrum
854 2717 945 2778 titulo
971 2732 1141 2780 extructum
1167 2739 1185 2778 n
1219 2732 1327 2800 qtrarto
1352 2739 1448 2800 usque
1476 2717 1597 2780 saeculo
1622 2717 1757 2799 plurima
1783 2717 1958 2779 celebritate
1988 2715 2089 2776 incla-

664 2829 755 2889 ruisse
777 2827 858 2909 apud
880 2828 1136 2891 Chioocarellium
1157 2831 1302 2912 (Antist.
1324 2828 1469 2909 neapolit.
1489 2831 1583 2889 catal.
1600 2849 1675 2909 pag.
1697 2827 1747 2888 36
1757 2828 1787 2910 ),
1807 2829 1953 2889 Actorum
1974 2827 2007 2888 S.
2029 2827 2088 2884 Pa-

665 2941 765 3000 tritiae
786 2953 891 3002 auctor
911 2953 1044 3003 testatur.
1072 2937 1224 3023 Eugenius
1251 2941 1364 3022 (Ναρ.
1385 2961 1464 3002 socr.
1486 2959 1563 3020 pag.
1594 2937 1704 3020 178),
1735 2955 1765 3001 et
1789 2937 1981 3001 Caracciolus
2008 2939 2090 3018 (De

665 3071 749 3112 socr.
771 3051 920 3132 neapolit.
939 3052 1044 3113 eccles.
1069 3071 1210 3112 mortum.
1234 3071 1310 3130 pag.
1332 3049 1426 3131 337)
1450 3049 1481 3112 S.
1510 3048 1668 3111 Patritiam
1691 3047 1872 3110 Constamini
1904 3049 1948 3107 Μ.
1968 3062 2092 3130 neptem

666 3164 787 3228 saeculo
807 3163 861 3226 lV.
883 3164 1044 3246 Neapolim
1079 3166 1192 3227 iterum
1225 3164 1421 3238 adventasse,
1453 3177 1483 3222 et
1513 3177 1673 3245 postquam
1697 3164 1728 3221 in
1757 3163 1937 3223 monasterio
1964 3159 2091 3222 Insulae

666 3275 836 3336 Salvatoris
855 3277 950 3354 obiit,
972 3279 1004 3336 in
1025 3277 1078 3344 SS.
1098 3275 1239 3336 Nicandri
1262 3289 1292 3336 et
1312 3275 1458 3337 Marciani
1478 3275 1625 3351 ecclesia,
1655 3290 1745 3356 prout
1765 3275 1828 3356 ipsa
1859 3275 2091 3358 praenuntiave-

667 3398 738 3459 rat,
772 3384 956 3446 tumulatam
975 3385 1064 3446 luisse
1085 3385 1285 3448 tradiderunt.
1316 3385 1426 3446 Contra
1446 3384 1616 3448 Sabatinius
1640 3385 1653 3464 (
1673 3382 1798 3446 Calend.
1820 3395 1842 3445 t.
1868 3386 1897 3443 I.
1914 3403 1995 3464 pag.
2019 3385 2091 3466 84)

665 3497 720 3555 hos
741 3497 773 3559 S.
798 3497 943 3558 Patritiae
963 3499 993 3557 in
1014 3497 1122 3559 urbem
1137 3496 1359 3579 neapolitanam
1374 3495 1497 3557 saeculo
1513 3495 1568 3558 lV.
1584 3493 1732 3554 adventus
1761 3493 1840 3554 inter
1863 3493 1952 3576 vulgi
1971 3494 2091 3556 fabulas

665 3603 840 3665 amandavit
859 3627 921 3668 non
943 3605 1072 3668 infirmis
1092 3609 1215 3689 quidem
1231 3609 1412 3685 argumentis
1426 3606 1566 3680 innixus,
1588 3627 1623 3665 ac
1640 3624 1700 3666 sese
1728 3605 1759 3662 in
1774 3603 1974 3668 dissertatione
1995 3605 2092 3666 mensi

665 3719 826 3800 septembri
848 3720 1059 3803 praeponenda
1081 3725 1287 3782 coniecturum
1308 3720 1372 3780 sore
1393 3721 1432 3779 ait
1460 3719 1578 3800 (Tem.
1609 3722 1674 3779 VI.
1694 3739 1773 3798 pag.
1795 3718 1865 3800 44)
1887 3741 1948 3802 quo
1967 3720 2091 3781 tandem

666 3849 743 3890 aevo
763 3831 793 3892 S.
814 3831 955 3893 Patritiae
976 3851 1083 3913 corpus
1103 3834 1134 3890 in
1155 3851 1221 3892 eam
1236 3831 1394 3892 ecclesiam
1409 3829 1502 3892 fuerit
1518 3827 1675 3906 delatum,
1695 3847 1758 3909 qua
1772 3841 1876 3890 tamen
1900 3831 1930 3888 in
1949 3849 1981 3890 re
2000 3829 2091 3891 fidem

665 3941 787 4002 minime
808 3939 959 4003 liberavit.
982 3941 1136 4025 Quicquid
1158 3960 1231 4002 vcro
1252 3941 1288 4003 de
1309 3943 1366 4002 hac
1387 3944 1602 4004 sententiarum
1637 3939 1838 4023 discrepantia
1861 3943 1949 4004 statui
1971 3942 2087 4018 libeat,

665 4049 941 4130 exploratissimum
962 4051 1117 4128 babetur,
1146 4055 1201 4114 vix
1217 4051 1331 4112 ibidem
1357 4050 1505 4113 collocato
1534 4053 1563 4113 S.
1585 4050 1725 4113 Patritiae
1752 4073 1897 4136 corpore,
1925 4051 2092 4116 Basilianos

667 4161 833 4219 coenobitas
854 4183 870 4221 e
891 4163 1067 4222 monasterio
1100 4162 1306 4240 demigrasse,
1340 4175 1370 4221 et
1395 4161 1581 4222 abbatissam
1602 4159 1740 4243 Aglaiaru
1765 4161 1856 4222 simul
1890 4183 1959 4224 cum
1980 4162 2093 4245 puellis

665 4273 725 4330 suis
746 4270 951 4350 monialibus,
973 4294 1052 4354 quae
1073 4273 1106 4335 S.
1125 4273 1229 4334 Basilii
1256 4275 1394 4354 regulam
1409 4276 1622 4351 sectabantur,
1646 4274 1725 4334 illuc
1748 4295 1810 4336 sese
1825 4277 1996 4338 contulisse.
2010 4277 2093 4341 Hinc

667 4403 757 4466 porro
778 4383 891 4446 sactum
913 4400 955 4448 est
975 4401 1009 4446 ut
1028 4387 1154 4449 ecclesia
1188 4408 1223 4449 ac
1243 4389 1455 4449 monasterium
1477 4409 1536 4448 non
1557 4386 1647 4448 modo
1673 4391 1732 4448 SS.
1755 4390 1921 4450 M'candn'
1946 4401 1978 4448 et
1996 4393 2093 4449 Mor-

666 4501 776 4570 ciam',
796 4520 906 4561 verum
927 4517 957 4564 et
979 4507 1011 4563 S.
1026 4501 1186 4562 Patritr'ce
1207 4499 1296 4560 titulo
1319 4499 1540 4563 denotarentur.
1560 4501 1652 4564 Hanc
1679 4501 1926 4564 nomenclaturae
1947 4506 2093 4566 accessio-

665 4632 733 4673 nem
754 4611 874 4673 saeculc
895 4611 951 4674 lx.
978 4614 1134 4694 contigisse
1160 4615 1202 4674 ait
1232 4612 1313 4674 idern
1342 4613 1510 4675 Sabatinius
1540 4614 1596 4696 (l.
1625 4635 1653 4674 c.
1676 4613 1701 4696 ).
1735 4619 1776 4677 bt
1805 4637 1875 4677 cum
1901 4631 2004 4677 nostro
2031 4618 2093 4677 boc

664 4728 696 4785 in
718 4727 900 4788 documento
920 4729 1064 4809 antiquus
1087 4726 1299 4789 tantummodo
1321 4733 1375 4791 SS.
1396 4727 1561 4789 Maeandri
1595 4741 1626 4789 et
1648 4731 1814 4790 Morct'cmi
1842 4729 1948 4791 titulus
1980 4729 2094 4812 depre-

663 4839 818 4900 hendatur
831 4887 840 4916 ‚
875 4841 945 4898 hinc
966 4839 1072 4922 palam
1093 4840 1128 4900 fit
1148 4839 1269 4901 saeculo
1289 4841 1340 4917 X,
1367 4862 1429 4922 quo
1455 4839 1671 4902 documentum
1701 4841 1799 4922 ipsum
1820 4843 1877 4904 tuit
1905 4857 2087 4922 exaratum,

666 4950 802 5010 nondum
824 4956 854 5010 S.
876 4954 1035 5012 Patrr'tt'ne
1058 4973 1168 5012 nomen
1190 4952 1332 5012 ecclesiae
1354 4973 1389 5012 ac
1410 4954 1590 5014 monasterio
1611 4951 1781 5014 adhaesisse.
