4616 6532
907 641 1002 738 (⁹)

900 917 956 986 nr.
983 915 1033 1012 (ι)

338 1175 378 1242 lu
401 1174 525 1244 omnine
547 1173 667 1242 domiui
689 1173 740 1242 dei
762 1172 926 1242 smoatott's
948 1171 1053 1244 nostri
1076 1169 1170 1243 ihesu
1194 1171 1307 1242 christi
1335 1170 1515 1264 imperante
1543 1171 1678 1242 domino
1749 1215 1800 1261 an,

241 1309 353 1370 nostro
376 1300 471 1371 leone
495 1307 527 1370 et
551 1295 729 1370 alexandro
752 1295 966 1388 portiroieniti
990 1320 1008 1366 a
1033 1299 1095 1368 deo
1118 1298 1259 1366 coronati
1282 1294 1394 1388 magni
1427 1294 1677 1387 imperatoribus
1736 1324 1814 1385 909.

241 1425 359 1495 nostris
381 1447 465 1494 anno
492 1424 658 1495 tricesimo
690 1422 833 1495 secundo
861 1421 909 1518 (2)
939 1445 1050 1495 manse
1078 1422 1230 1496 octuvrio
1255 1421 1431 1494 indictione
1462 1423 1676 1492 decimotertio

321 1859 366 1942 (a)
387 1861 516 1922 Caietani
532 1861 728 1940 characteris,
743 1877 804 1940 quo
818 1878 951 1939 praesens
963 1857 1134 1918 membrana
1147 1856 1203 1917 suit
1216 1869 1347 1934 exarata,
1364 1870 1506 1939 ectypum
1520 1853 1675 1916 exhibetur

243 1973 275 2030 in
296 1971 373 2034 Tah.
393 1975 417 2032 1.
437 1993 467 2034 n.
487 1989 517 2031 2.

319 2083 365 2164 (2)
385 2083 455 2143 Non
477 2083 575 2146 deerit
593 2085 720 2146 sortasse
749 2087 803 2166 qui
826 2084 952 2146 eumad
974 2085 1156 2166 Principum
1177 2083 1329 2159 nomina,
1363 2083 1477 2164 quihus
1502 2083 1674 2143 caietanum

240 2197 302 2256 hoc
323 2192 542 2255 documentum
564 2207 778 2274 praenotatur,
801 2196 935 2256 animum
960 2197 1126 2273 advertat,
1148 2195 1235 2258 illico
1255 2194 1313 2255 sibi
1335 2191 1515 2274 persuadeat
1540 2193 1673 2254 Caietam

238 2311 361 2385 eiusque
382 2319 514 2366 rectores
533 2303 870 2386 constantinopolitano
889 2307 1022 2388 Imperio
1042 2306 1184 2389 paruisse.
1197 2305 1312 2367 Verum
1333 2304 1392 2364 hac
1413 2303 1452 2366 de
1471 2324 1504 2364 re
1524 2321 1588 2363 uon
1613 2321 1674 2362 una

239 2413 409 2496 eademque
430 2427 474 2474 est
492 2414 644 2476 sententia
668 2415 850 2495 scriptorum
862 2459 871 2490 ,
893 2417 946 2496 qui
970 2416 1079 2478 urbem
1101 2415 1190 2476 illam
1209 2427 1362 2477 vetustate
1391 2433 1428 2473 ac
1448 2431 1549 2474 rerum
1570 2425 1674 2492 gesta·

237 2547 306 2588 rum
327 2527 409 2586 sama
429 2524 659 2588 celeberrimam
678 2525 958 2586 commeminerunt.
978 2528 1010 2588 Si
1032 2527 1117 2588 nobis
1138 2546 1189 2588 eos
1209 2525 1368 2586 consulere
1395 2524 1514 2600 libeat,
1536 2521 1673 2584 caietano

237 2636 386 2716 Ducatui‚
406 2657 463 2719 pro
483 2653 658 2719 temporum
672 2640 831 2714 varietate,
846 2635 1020 2699 Exarcham
1033 2638 1203 2701 Ravennae
1216 2652 1246 2698 et
1258 2635 1427 2700 Patricium
1441 2634 1564 2698 Siciliae
1577 2637 1673 2694 Grae·

238 2771 346 2810 corum
367 2751 589 2830 Imperatorum
609 2748 754 2820 nomine,
775 2748 866 2806 hosce
886 2747 965 2828 ipsos
983 2745 1208 2826 Imperatores,
1231 2766 1369 2806 romanos
1397 2745 1584 2821 Pontifices,
1603 2763 1673 2804 nea-

237 2859 390 2939 politanos
411 2861 537 2932 Duces,
559 2877 678 2919 necnon
697 2873 728 2918 ct
746 2853 949 2938 langobardos
962 2855 1120 2936 Principes
1139 2853 1310 2916 dominatos
1330 2854 1421 2916 luisse
1441 2855 1675 2937 comperiemus.

238 2966 425 3028 Fridericius
445 2986 538 3041 vero,
562 2966 617 3046 qui
636 2980 855 3044 argumentum
874 2965 935 3026 hoc
955 2985 1020 3026 uon
1040 2965 1163 3044 vulgari
1179 2964 1357 3025 eruditionis
1381 2978 1477 3044 segete
1503 2961 1673 3042 explanare

238 3079 344 3160 sategit
364 3079 398 3138 in
419 3078 456 3140 de
469 3079 576 3159 Ypatis
596 3077 760 3151 caietanis,
782 3077 895 3136 horum
914 3071 1080 3154 αὖταρχίαν
1099 3097 1116 3136 a
1136 3075 1241 3138 medio
1260 3077 1381 3138 saeculo
1396 3077 1483 3138 vltt.
1496 3073 1671 3150 vindicare,

239 3205 330 3272 atque
351 3206 491 3254 veterum
511 3189 692 3268 scriptorum
716 3189 908 3265 testimonia,
937 3205 1017 3269 quae
1044 3187 1098 3246 sihi
1125 3187 1390 3264 adversabantur,
1420 3189 1482 3246 suis
1508 3184 1672 3267 profligare

241 3303 508 3364 coniectationibus
529 3299 737 3362 adlaboravit.
760 3303 983 3364 Verumtamen
1005 3301 1059 3362 hic
1083 3299 1166 3360 idem
1191 3302 1344 3362 caietanae
1370 3300 1522 3361 libertatis
1537 3297 1670 3360 adsertor

238 3413 339 3491 (pag.
362 3412 401 3471 31
419 3411 431 3493 )
451 3411 501 3470 uhi
523 3411 560 3472 de
574 3411 777 3472 Constantino
790 3411 892 3492 Ypato
911 3411 1075 3493 loquitur,
1097 3414 1264 3473 sententiae
1284 3411 1394 3474 dubius
1413 3412 1542 3485 haeret,
1565 3426 1669 3472 utrum

235 3523 339 3583 Caieta
362 3521 566 3602 neapolitanis
591 3521 729 3582 Ducibus
749 3520 874 3584 subdita
893 3522 1012 3601 suerit,
1040 3543 1079 3584 ac
1103 3528 1115 3606 (
1125 3545 1204 3604 pag.
1231 3525 1299 3606 87)
1326 3523 1492 3586 Pratillum
1520 3525 1569 3585 uti
1592 3523 1667 3585 sibi·

236 3631 356 3713 metipsi
376 3629 592 3694 adversantem
612 3633 735 3712 arguit,
756 3633 812 3714 qui
832 3655 906 3698 cum
925 3653 993 3696 eam
1007 3655 1072 3698 rem
1087 3651 1204 3717 praeter
1218 3657 1343 3699 omnem
1354 3636 1557 3697 dubitationis
1569 3635 1667 3696 aleam

236 3764 300 3805 sese
320 3743 404 3804 haud
425 3757 555 3806 statuere
576 3765 663 3827 posse
684 3744 850 3820 edixisset,
872 3747 946 3807 dein
964 3767 1040 3808 vero
1059 3748 1194 3810 Caietam
1207 3749 1345 3809 Ducibus
1364 3749 1429 3808 illis
1448 3748 1668 3830 obtemperasse

237 3871 422 3918 autumaret.
453 3859 498 3916 lte
527 3877 599 3918 sane
625 3877 700 3918 vera
720 3877 821 3938 neque
841 3857 1054 3935 Fridaricius,
1082 3879 1183 3940 neque
1210 3860 1322 3920 caeteri
1344 3859 1526 3940 scriptores,
1556 3859 1610 3937 qui
1631 3855 1670 3916 de

237 3980 411 4026 exterorum
431 3969 609 4049 Principum
630 3971 664 4027 in
686 3971 836 4029 caietanos
862 3967 1072 4032 dominatione
1087 3970 1321 4044 disseruerunt,
1344 3971 1431 4031 nobis
1446 3967 1594 4033 videntur
1614 3989 1671 4050 pe-

237 4077 316 4136 nitus
336 4078 462 4136 scrutati
482 4075 570 4136 fuisse
591 4077 726 4138 eiusdem
748 4077 965 4140 dominationis
984 4081 1050 4140 vim
1074 4093 1168 4162 atque
1194 4095 1359 4159 naturam,
1389 4101 1462 4143 cum
1478 4081 1537 4142 hac
1550 4081 1671 4164 potissi-

237 4208 324 4248 mum
344 4187 542 4266 vestigatione
555 4185 621 4248 fieri
636 4189 803 4268 potuisset,
826 4199 860 4248 ut
879 4189 1017 4269 quaestio
1035 4195 1159 4251 tandem
1173 4190 1375 4254 dirimeretur.
1396 4191 1463 4253 Etsi
1478 4194 1566 4255 nobis
1580 4213 1671 4276 prae·

237 4299 336 4360 stituti
357 4297 592 4358 adnotationum
616 4297 743 4359 termini
769 4296 944 4380 longiorem
971 4299 1043 4361 heic
1073 4319 1246 4364 sermonem
1276 4303 1433 4366 instituere
1458 4299 1667 4387 prohibeant,

235 4425 338 4474 tamen
358 4427 467 4490 operae
487 4408 622 4491 pretium
651 4408 750 4472 facere
775 4411 984 4488 arbitramur,
1015 4412 1039 4472 si
1067 4411 1220 4493 quasdam
1245 4429 1361 4478 nostras
1390 4417 1670 4482 animadversiones

235 4521 409 4586 afferamus.

323 4634 418 4694 Nobis
444 4632 572 4717 quidem
599 4633 727 4698 videtur
754 4635 899 4700 caietanis
926 4639 1037 4720 Ypatis
1065 4641 1254 4726 plerumque
1282 4657 1460 4705 exterorum
1490 4643 1669 4724 Principum

235 4747 351 4810 auxilio
370 4767 446 4830 opus
466 4747 560 4808 luisse
575 4790 588 4817 ,
607 4763 644 4810 ut
662 4766 753 4809 snum
766 4747 886 4811 Caietae
907 4753 1099 4816 dominatum
1113 4769 1309 4828 tutarentur,
1328 4757 1454 4836 suisque
1469 4757 1561 4818 rebus
1574 4758 1668 4815 satius

237 4858 441 4922 consulerent.
460 4859 660 4923 Etenimvero
686 4858 872 4922 Friden'cius
896 4863 989 4940 ipse,
1018 4883 1090 4926 cum
1118 4865 1252 4944 quodam
1282 4885 1299 4928 e
1329 4864 1513 4927 documento
1533 4867 1666 4948 Ypatum

235 4971 371 5031 Aeneam
386 4971 533 5033 Groasum
552 4989 678 5032 romano
698 4967 839 5037 Pontifici
859 4971 1030 5037 subiectum
1051 4973 1283 5048 tuissehauriat
1303 4974 1315 5058 (
1323 4975 1480 5060 pag.95)
1491 5019 1501 5052 ‚
1523 4975 1666 5040 animad-

1261 5101 1280 5164 2
