4658 6508
1328 600 1448 695 (⁴⁸)

677 759 834 853 stephano
850 759 1010 853 gennanis
1027 779 1087 852 pro
1102 758 1172 826 vice
1189 767 1296 828 nostra
1314 769 1345 828 et
1363 783 1423 852 pro
1441 761 1512 830 vice
1529 761 1663 853 aligerni
1685 760 1811 856 parbuli
1828 758 1974 853 germani
1989 759 2103 830 nostri:

674 886 703 955 Α
728 885 867 978 presenti
891 884 942 954 die
966 881 1182 976 promtissima
1197 882 1361 953 voluntate
1378 885 1493 955 ollerre
1519 897 1550 956 et
1567 888 1755 957 offeruimus
1774 887 1867 956 vobis
1890 885 2023 958 domino
2047 885 2106 956 io-

674 1007 773 1076 hanni
793 1003 967 1076 venerabili
995 1003 1101 1073 abbati
1124 1005 1291 1100 presbyter
1318 1005 1503 1078 monasterii
1526 1021 1710 1080 sauctorum
1733 1009 1872 1082 seberini
1889 1019 1922 1081 et
1944 1008 2037 1079 sossii
2053 1009 2105 1104 (2)

674 1133 732 1202 ubi
748 1155 863 1204 eorum
891 1131 1086 1203 veneravilis
1114 1132 1285 1226 quiescunt
1308 1157 1445 1227 corpora
1474 1147 1507 1207 et
1522 1160 1581 1229 per
1598 1161 1656 1206 vos
1683 1138 1717 1206 in
1734 1147 1915 1207 memorato
1931 1147 2042 1206 sancto
2074 1149 2106 1208 et

675 1261 852 1334 venerabili
878 1273 986 1334 vestro
1009 1259 1204 1332 monasterio
1233 1285 1293 1355 pro
1316 1263 1464 1354 portione
1487 1263 1619 1358 quidem
1644 1265 1792 1334 iohannis
1819 1265 1877 1334 lilii
1900 1275 1933 1335 et
1960 1264 2105 1356 germani

673 1390 799 1461 nostri:
819 1389 901 1460 ldest
927 1388 1067 1480 integras
1084 1389 1163 1457 duas
1189 1386 1291 1478 petias
1307 1389 1347 1458 dc
1374 1397 1474 1458 terras
1501 1388 1657 1482 portionis
1681 1412 1752 1460 mee
1775 1398 1951 1459 memorate
1975 1388 2105 1460 eufimie

675 1513 808 1584 honeste
835 1512 953 1583 lemine
980 1535 1022 1582 ex
1049 1509 1168 1604 quibus
1195 1532 1340 1604 unaque
1367 1522 1503 1581 vocatur
1530 1513 1669 1582 clusuria
1694 1514 1735 1582 dc
1764 1512 1948 1582 alfinianum
1979 1523 2012 1584 ct
2045 1513 2106 1584 alia

675 1661 740 1730 que
763 1635 949 1706 nominatur
972 1634 1012 1706 ad
1039 1634 1170 1704 sorbum
1186 1632 1308 1706 ibidem
1329 1634 1364 1703 in
1392 1635 1578 1706 altiuianum
1605 1635 1753 1709 constita.
1783 1637 1915 1706 insimul
1942 1659 2019 1707 cum
2047 1662 2107 1708 ar-

640 1827 643 1834 ,
674 1761 807 1832 vocibus
835 1771 867 1831 et
890 1758 1036 1828 introitus
1059 1780 1171 1828 earum
1194 1765 1227 1828 ct
1250 1758 1400 1828 omnibus
1423 1761 1469 1830 eis
1491 1761 1724 1854 pertinentibus
1746 1763 1926 1854 pertinente
1950 1762 2032 1832 mihi
2048 1787 2108 1856 per

677 1891 887 1978 parentorum
915 1902 1077 1954 meorum.
1103 1891 1135 1951 et
1158 1903 1211 1949 me
1239 1880 1273 1950 in
1293 1892 1379 1952 sorte
1401 1882 1543 1974 tetigita
1570 1885 1725 1977 stephano
1748 1887 1954 1958 etheredum
1977 1886 2109 1958 iohanni

674 2032 732 2080 seu
757 2006 980 2080 theodonande
1008 2003 1170 2096 germanis
1189 2005 1269 2080 meis
1292 2029 1351 2098 per
1374 2005 1499 2078 merissi
1523 2005 1691 2078 divisionis
1714 2031 1812 2102 quam
1836 2011 1921 2102 apud
1944 2032 1997 2082 me
2014 2009 2109 2080 abere

675 2139 802 2209 videor.
834 2139 927 2208 Unde
955 2136 1037 2206 nihil
1065 2135 1157 2206 nobis
1181 2135 1299 2208 exinde
1321 2137 1475 2208 remansit
1497 2147 1553 2207 aut
1574 2138 1833 2210 reserbavimus:
1860 2139 2032 2208 coherente
2047 2139 2108 2212 sivi

675 2293 694 2336 a
721 2265 846 2338 duobus
873 2247 1025 2337 lateribus
1053 2265 1094 2333 de
1120 2271 1297 2336 memorata
1324 2273 1410 2335 terra
1437 2288 1502 2360 que
1530 2275 1665 2336 vocatur
1693 2266 1733 2334 ad
1761 2265 1893 2336 sorbum
1917 2274 2003 2336 terra
2026 2287 2106 2335 mo-

757 2593 802 2674 (a)
822 2597 891 2655 Duo
911 2590 1035 2673 quidem
1057 2593 1113 2650 sub
1132 2591 1162 2650 S.
1184 2591 1316 2651 Severini
1336 2589 1425 2650 titulo
1446 2589 1525 2671 apud
1547 2611 1600 2649 nos
1620 2589 1800 2648 monasteria
1825 2587 1946 2648 condita
1965 2585 2103 2646 suerunt.

675 2705 781 2766 Unum
803 2705 927 2764 abeunte
948 2703 1069 2764 saeculo
1091 2702 1129 2762 V.
1149 2704 1179 2761 in
1200 2704 1302 2763 Castro
1327 2702 1484 2763 lucullano
1504 2700 1762 2779 exaedificatum,
1795 2699 1989 2782 dicatumque
2018 2697 2109 2760 luisse

675 2815 706 2872 S.
726 2814 866 2874 Severino
887 2812 1065 2874 Noricorum
1087 2811 1261 2892 Episcopo,
1281 2812 1367 2872 cuius
1390 2833 1496 2894 corpus
1517 2811 1622 2872 eodem
1643 2832 1716 2872 aevo
1736 2813 1769 2872 in
1791 2814 1928 2874 Castrum
1949 2807 2030 2870 illud
2052 2807 2108 2868 de-

676 2924 777 2984 latum
798 2923 878 3001 suit,
902 2935 986 3004 patet
1006 2942 1022 2980 e
1043 2921 1179 3002 pleniore
1198 2922 1289 2981 huius
1309 2923 1351 2982 rei
1372 2925 1543 2983 narratione
1564 2923 1602 2982 ab
1622 2924 1728 3005 Egipio
1752 2924 1782 2984 S.
1802 2924 1934 2984 Severini
1961 2918 2108 3002 discipulo

675 3038 798 3116 posteris
829 3035 949 3118 prodita
973 3033 1099 3117 (apud
1120 3035 1271 3096 Bollanal.
1292 3035 1339 3095 ad
1363 3038 1463 3097 VIII.
1485 3040 1620 3098 Ianuar.
1641 3057 1729 3097 nam.
1750 3034 1793 3118 57
1817 3041 1838 3117 ).
1859 3036 1994 3096 abeunte
2016 3053 2105 3115 porro

675 3148 796 3211 saeculo
817 3150 880 3225 IX,
899 3151 945 3209 uti
965 3149 1145 3210 Muraton'us
1166 3148 1247 3230 apud
1265 3151 1300 3209 Α.
1315 3147 1353 3208 de
1368 3149 1437 3210 Meo
1453 3147 1634 3230 (Apparet.
1654 3153 1745 3212 ema.
1753 3169 1832 3229 pag.
1849 3146 1933 3229 36),
1956 3160 1988 3206 et
2002 3147 2107 3206 Mano-

676 3260 760 3320 chius
782 3258 862 3340 (De
886 3255 1087 3317 cathedralis
1110 3258 1274 3318 Ecclesiae
1294 3259 1517 3337 neapolitanae
1536 3259 1660 3320 vr'cr'dus
1680 3280 1760 3339 pag.
1783 3259 1848 3318 soe
1867 3257 2004 3318 aanor.
2030 3255 2106 3338 (8))

675 3372 897 3446 existimarunt,
911 3369 1041 3430 alterurn
1055 3384 1225 3432 extructum
1240 3369 1298 3430 suit
1312 3370 1342 3431 S.
1355 3370 1492 3432 Severini
1513 3371 1689 3432 coenobium
1711 3373 1788 3432 intra
1810 3369 2003 3452 neapolitana
2024 3387 2108 3428 moc-

672 3483 739 3558 ula,
762 3503 798 3544 ac
818 3483 936 3564 proprie
950 3483 982 3542 in
999 3483 1082 3554 vico,
1105 3502 1197 3562 quem
1211 3483 1351 3544 Missum
1366 3498 1573 3566 nuncupatum
1587 3483 1675 3544 luisse
1692 3497 1816 3543 testatur
1831 3497 1918 3544 vetus
1933 3479 2106 3540 membrana

673 3591 756 3673 apud
777 3591 1022 3654 Chioccarellum
1043 3591 1195 3674 (Antist.
1213 3595 1337 3673 neapol.
1355 3597 1457 3656 Catal.
1473 3615 1553 3674 pag.
1571 3595 1629 3654 1⁰8
1640 3593 1662 3676 ).
1691 3593 1874 3654 Coenobium
1896 3593 1953 3651 hoc
1974 3591 2107 3652 alterum

672 3705 809 3766 eamdem
830 3707 862 3767 S.
879 3705 1013 3766 Severini
1029 3705 1266 3789 appellationem
1286 3710 1424 3769 sortitum
1439 3706 1498 3766 suit
1511 3727 1548 3766 ex
1563 3719 1718 3787 aggregata
1739 3706 1792 3764 sibi
1808 3703 2008 3764 vetustissima
2032 3723 2107 3781 qua-

672 3816 746 3880 dam
770 3817 920 3894 eeclesia,
952 3839 1045 3900 quarn
1072 3821 1102 3881 S.
1126 3819 1269 3878 Severino
1290 3819 1480 3901 neapolitano
1501 3819 1651 3900 Episcopo
1672 3819 1728 3878 sub
1749 3816 1860 3878 saeculi
1887 3817 1926 3876 ll.
1947 3813 2106 3874 exordium

672 3933 804 3995 dicatam
822 3933 912 3993 luisse
934 3931 1058 3992 tradidit
1079 3932 1230 4012 Eugenius
1251 3935 1364 4016 (Nep.
1375 3937 1447 3992 Sac.
1455 3954 1532 4013 pag.
1542 3932 1648 3996 316'et
1656 3954 1742 4013 seqq.
1754 3933 1779 4014 ).

750 4043 889 4105 Primum
909 4063 982 4103 vero
1002 4063 1018 4102 e
1038 4041 1154 4102 duobus
1174 4043 1219 4103 his
1239 4043 1426 4103 monasteriis
1446 4043 1579 4103 excisum
1599 4041 1656 4102 suit
1680 4045 1800 4102 ineunte
1825 4043 1944 4103 saeculo
1964 4043 2011 4118 X,
2035 4061 2104 4104 curn

671 4154 783 4216 scilieet
797 4154 956 4234 Gregorius
969 4153 1098 4230 Consul,
1126 4174 1161 4213 ac
1182 4155 1349 4236 Stephanus
1369 4154 1534 4236 Episcopus
1554 4152 1745 4213 lucullanum
1761 4155 1896 4216 Castrum
1911 4152 2104 4216 evertendum

671 4284 732 4324 csse
752 4276 932 4336 statuerunt,
953 4285 989 4324 ne
1003 4264 1141 4326 Saraceni
1161 4263 1214 4343 qui
1234 4260 1438 4342 neapolitanae
1453 4261 1645 4321 imminebant
1658 4261 1740 4336 urbi,
1753 4283 1788 4320 eo
1804 4263 1976 4340 potirentur.
1988 4262 2103 4342 Corpus

670 4390 769 4437 tamen
788 4375 970 4440 §.Severini
990 4377 1021 4435 in
1041 4375 1250 4436 monasterium
1270 4374 1494 4457 neapolitanum
1514 4373 1618 4436 eodem
1633 4373 1663 4434 S.
1675 4373 1809 4435 Severini
1824 4374 1943 4433 nomine
1957 4371 2102 4432 donatum

669 4488 908 4551 transferendum
923 4487 1102 4571 Neapolitae
1122 4487 1253 4550 universi
1274 4501 1418 4549 curarunt
1429 4533 1438 4564 ,
1458 4507 1551 4568 quarn
1572 4487 1798 4548 translationem
1818 4487 1993 4566 efflagitaret
2011 4485 2102 4568 ipsius

669 4603 840 4664 monasterii
859 4602 956 4664 Abbas
977 4605 1119 4670 loannes,
1139 4601 1184 4660 uti
1205 4615 1349 4663 testantur
1370 4602 1470 4676 Acta,
1492 4600 1600 4682 quibus
1620 4601 1728 4662 Petrus
1748 4602 1899 4662 Diaconus
1927 4599 2101 4660 huiusmodi

670 4715 892 4778 translationem
907 4715 1067 4778 memoriae
1088 4711 1232 4796 prodidit.
1246 4711 1325 4774 llluc
1339 4734 1428 4796 porro
1440 4727 1618 4774 convectum
1632 4734 1755 4796 quoque
1775 4713 1834 4773 luit
1849 4733 1956 4795 corpus
1970 4711 2001 4773 S.
2013 4711 2101 4773 Sossii

670 4851 686 4888 c
711 4831 827 4892 Miseno
849 4832 880 4890 in
903 4851 985 4891 anno
1007 4846 1067 4910 920
1090 4827 1147 4890 sub
1172 4825 1277 4889 eodem
1302 4827 1495 4910 neapolitano
1520 4827 1657 4887 Antistite
1681 4827 1851 4908 Stephano,
1875 4839 1909 4884 ut
1930 4827 2038 4904 Regius
2068 4825 2100 4884 in

671 4945 700 5005 S.
714 4943 841 5005 Ianuarii
862 4944 927 5006 vita
949 4942 1080 5005 tradidit.
