4616 6532
1484 701 1623 760 aratu

211 867 397 936 nostram
426 847 738 957 chronologiam
768 850 967 962 expiscati
996 878 1140 936 snmus
1156 914 1169 954 ,
1199 849 1243 934 in
1271 848 1463 934 medium
1492 849 1637 934 attuli-

212 1021 321 1076 mus.
354 993 562 1080 Novimus
591 1020 719 1104 porro
738 991 782 1077 id
803 992 955 1077 laboris
977 1021 1107 1102 genus
1126 993 1334 1102 graviores
1354 990 1494 1078 adhuc
1516 1021 1637 1078 curas

212 1133 329 1217 nobis
357 1135 401 1217 in
429 1151 639 1246 posterum
668 1134 919 1242 allaturum,
962 1163 1062 1219 cum
1091 1134 1248 1219 scilicet
1277 1134 1333 1220 ad
1362 1158 1637 1221 monumenta

212 1271 367 1358 Christi
395 1278 515 1360 annis
544 1277 778 1386 consignata
806 1274 1069 1361 accedamus.
1094 1276 1206 1360 Cum
1235 1280 1348 1361 enim
1369 1275 1490 1362 hosce
1509 1307 1639 1364 anuos

211 1443 294 1501 non
324 1446 414 1522 una,
438 1418 670 1530 eademque
697 1419 857 1504 ratione
897 1420 1073 1504 maiores
1101 1423 1231 1505 nostri
1260 1421 1570 1526 recensuerint,
1600 1439 1640 1504 rt

211 1557 338 1642 modo
358 1558 571 1663 Pisanum,
591 1556 720 1644 modo
742 1558 1048 1665 Florentinum,
1071 1560 1198 1646 modo
1219 1562 1431 1646 Graecum
1457 1589 1638 1664 morem,

210 1699 403 1785 Romano
430 1699 691 1812 posthabito,
723 1702 984 1814 usurparint,
1013 1731 1260 1813 persuasum
1288 1703 1405 1790 nobis
1422 1720 1482 1790 est
1501 1733 1640 1816 quan·

211 1863 353 1956 tepere
381 1843 678 1928 excubandum
708 1845 788 1949 sit,
819 1874 872 1928 ne
899 1845 1070 1930 fortasse
1099 1847 1143 1929 in
1172 1844 1414 1934 huiusmodi
1437 1867 1640 1960 supputa-

214 1983 398 2068 tionibus
425 2013 449 2068 a
478 1985 653 2070 veritate
681 1981 952 2070 discedamus.
969 1989 1135 2074 Verum
1164 1984 1240 2070 has
1268 1988 1453 2100 aliasque
1478 1987 1638 2095 vigilias

212 2155 261 2210 ac
290 2127 454 2213 labores
484 2127 754 2214 libentissime
781 2128 1060 2241 perferemus,
1091 2158 1190 2214 cum
1218 2130 1338 2216 nobis
1365 2149 1637 2244 perspectum

213 2275 263 2356 sit
293 2303 317 2355 a
345 2271 640 2382 chronologicis
669 2291 863 2360 veterum
891 2273 1244 2359 documentorum
1272 2276 1379 2360 notis
1407 2277 1640 2361 maximam

214 2416 440 2502 utilitatem
470 2418 668 2505 historiae
696 2437 861 2503 nostrae
889 2417 1067 2503 allatum
1110 2420 1191 2523 iri,
1222 2444 1352 2530 quam
1388 2415 1643 2504 firmioribus
1693 2521 1695 2526 Ι

212 2560 503 2672 chronologiae
531 2559 819 2648 fundamentis
861 2559 1002 2648 adhuc
1042 2560 1223 2672 indigere
1264 2561 1426 2672 optimo
1467 2561 1641 2674 quidem

211 2704 303 2787 iure
331 2731 417 2788 non
444 2703 569 2815 pauci
607 2704 825 2814 scriptores
853 2702 1135 2788 indoluerunt.

326 2845 560 2959 Reliquum
601 2845 775 2932 tandem
805 2867 896 2954 est,
940 2867 987 2932 ut
1021 2846 1076 2932 de
1105 2848 1253 2934 nostris
1293 2847 1636 2935 adnotationibus

212 2988 334 3074 brevi
363 2987 533 3074 lectores
567 2987 659 3072 heic
699 3015 956 3074 moneamus.
998 2989 1097 3074 Non
1137 2987 1314 3074 deerunt
1355 2988 1525 3076 fortasse
1562 2991 1641 3099 qui

214 3161 283 3218 eas
311 3131 540 3246 aliquando
569 3149 642 3214 aut
671 3131 880 3216 uberiores
901 3150 1019 3236 ,aut
1057 3134 1310 3243 pauciores,
1351 3159 1485 3246 quarn
1532 3162 1638 3244 opus

213 3275 355 3362 fuisset
369 3340 383 3380 ‚
414 3273 728 3359 existimabunt.
757 3274 843 3359 Nos
875 3273 1051 3387 quidem
1071 3275 1253 3360 fatemur
1272 3272 1487 3387 quaedam
1514 3274 1640 3358 uber-

213 3423 291 3504 tim
325 3416 574 3526 adnotasse;
603 3446 755 3505 verum
785 3417 830 3504 id
860 3420 1052 3528 egimus,
1083 3438 1130 3502 ut
1157 3419 1207 3503 iis
1235 3416 1459 3504 lectoribus
1485 3448 1638 3503 consu·

213 3561 432 3665 leremus,
482 3563 558 3674 qui
597 3587 697 3646 curn
738 3579 933 3645 veterum
972 3578 1352 3647 monumentorum
1397 3559 1638 3646 barbariem

215 3703 505 3791 exhorrescere
533 3705 857 3808 consueverint,
889 3735 973 3790 non
1002 3707 1083 3790 alio
1118 3733 1251 3818 quarn
1284 3705 1529 3791 eruditionis
1564 3708 1640 3786 ob-
1674 3727 1676 3734 ’

215 3845 469 3931 lectamento
499 3843 554 3928 ad
583 3875 631 3930 ea
660 3845 883 3931 lectitanda
912 3847 1022 3931 allici
1050 3875 1167 3961 posse
1196 3847 1315 3930 nobis
1350 3849 1428 3933 visi
1447 3849 1634 3931 fuerunt.

215 3985 326 4072 Item
354 3987 538 4074 latemur
565 4015 649 4072 non
688 3985 742 4070 de
782 3987 991 4072 universis
1033 3989 1191 4090 rebus,
1241 4017 1349 4100 quae
1391 4005 1538 4072 notatu
1579 3987 1641 4069 di·

216 4160 322 4240 gnae
351 4131 396 4214 in
424 4129 573 4216 nostris
602 4131 860 4218 membranis
888 4150 1138 4230 occurrunt,
1169 4129 1547 4216 animadversiones
1577 4150 1640 4213 at-

217 4271 391 4380 tulisse3
423 4272 625 4384 pleraque
653 4272 766 4356 enim
794 4270 1055 4386 explananda
1086 4271 1337 4382 reliquimus
1375 4271 1424 4354 iis
1451 4274 1638 4384 antiqui-

218 4433 356 4498 tatum
385 4413 732 4525 indagatoribus,
762 4414 918 4528 quibus
947 4444 1030 4500 non
1059 4413 1185 4500 modo
1214 4416 1367 4522 ingenii
1408 4445 1457 4500 ac
1485 4416 1638 4500 doctri-

217 4586 330 4660 nae,
360 4585 513 4642 verum
541 4577 580 4640 et
607 4558 807 4668 temporis
834 4556 1049 4669 amplius,
1087 4584 1219 4667 quam
1247 4557 1364 4643 nobis
1403 4557 1459 4642 ad
1498 4559 1638 4666 ingen-

218 4719 305 4785 tem
333 4699 442 4786 hanc
471 4698 752 4786 collectionem
791 4697 1091 4785 absolvendam
1132 4698 1452 4812 properantibus
1488 4729 1639 4812 suppe-

219 4861 289 4928 tat
319 4843 594 4960 Compertum
626 4862 767 4930 tamen
795 4846 848 4928 sit
876 4843 1116 4945 lectoribus,
1147 4872 1223 4927 nos
1251 4871 1398 4928 eorum
1426 4846 1636 4948 omnium,

218 5021 327 5103 quae
353 4990 681 5094 adnotavimus,
712 4985 894 5075 indicem
923 4991 968 5073 in
997 4987 1223 5075 voluminis
1258 4987 1367 5076 ealce
1408 4989 1634 5094 exhibere,
