4616 6532
660 573 775 636 xvttt

659 718 1001 809 accommodatae
1030 711 1267 804 evaderent.
1299 711 1378 796 Per
1411 711 1557 797 eadem
1587 728 1774 822 tempora
1802 736 1994 792 summus
2022 710 2092 794 ille

657 861 951 963 Pontificatus,
983 859 1126 972 quem'
1140 861 1185 944 iu
1212 858 1483 971 sempiternas
1510 855 1772 942 saeculorum
1805 871 1959 938 aetates
1978 854 2093 938 insti-

658 1026 798 1090 tutum
826 1005 1017 1090 Christus
1049 1004 1151 1087 olim
1185 1020 1429 1114 exceperat,
1463 1030 1510 1086 ac
1530 998 1782 1084 firmioribus
1802 996 2093 1084 sanctIoribus-

659 1177 741 1264 que
770 1145 1051 1230 fundamentis
1080 1146 1360 1248 instruxerat,
1391 1171 1476 1228 non
1503 1141 1631 1226 modo
1659 1139 1822 1223 Romae
1842 1137 2093 1224 alterumue

658 1291 932 1410 praestantius
961 1289 1205 1402 imperium,
1235 1286 1351 1401 quod
1371 1291 1413 1372 in
1434 1286 1685 1370 catholicum
1710 1302 1921 1369 terrarum
1942 1283 2090 1366 orbem

657 1441 734 1522 sibi
770 1436 963 1521 futurum
1000 1452 1131 1539 esset,
1163 1433 1234 1518 sed
1262 1437 1479 1518 universae
1517 1431 1639 1514 simul
1680 1429 1823 1515 Italiae
1851 1429 2090 1516 immortale

658 1575 765 1664 illud
794 1575 919 1661 decus
946 1574 1238 1690 pollicebatur,
1270 1602 1355 1687 quo
1374 1593 1633 1659 caeterarum
1652 1572 1850 1686 Europae
1869 1571 2089 1656 nationum

657 1723 844 1806 culturae
872 1719 1068 1832 praeiret.
1101 1717 1135 1802 Ii
1163 1746 1307 1830 porro,
1338 1743 1519 1830 quorum
1549 1716 1697 1826 proavi
1717 1742 1941 1798 romanam
1972 1743 2092 1825 prae·

657 1862 883 1948 setulerant
910 1863 1191 1962 maiestatem,
1221 1860 1293 1944 etsi
1314 1859 1599 1944 barbarorum
1629 1859 1727 1968 iugo
1758 1857 1865 1942 colla
1884 1856 2091 1942 subdidis-

659 2024 772 2110 sent,
801 2025 944 2090 tamen
973 2005 1071 2116 ipsis
1100 2002 1308 2087 maiorum
1338 2030 1512 2086 suorum
1540 2031 1616 2087 nec
1643 2002 1836 2088 instituta
1865 2031 1940 2086 nec
1959 2003 2089 2111 gloria

660 2151 803 2233 animo
831 2143 1098 2251 exciderant,
1129 2145 1262 2229 immo
1290 2173 1393 2231 vero
1412 2173 1555 2230 rerum
1574 2145 1731 2230 harum
1752 2149 1956 2231 memoria
1983 2166 2089 2230 tem-

659 2291 772 2401 poris
817 2287 1129 2393 diuturnitate,
1173 2304 1214 2369 et
1254 2286 1475 2373 barbarico
1513 2285 1734 2372 dominatu
1775 2284 1880 2373 adeo
1909 2291 2090 2374 extincta

662 2461 745 2517 non
777 2431 859 2515 fuit
872 2495 887 2535 ,
917 2451 966 2516 ut
995 2433 1083 2542 ipsa
1111 2459 1194 2515 non
1222 2429 1373 2514 ultima
1413 2430 1588 2543 quidem
1630 2433 1815 2516 extiterit
1842 2459 2088 2540 causarum,

656 2603 767 2687 quae
795 2573 932 2658 multo
960 2591 1052 2685 post
1079 2572 1301 2659 hominum
1321 2571 1605 2660 conditionem
1625 2576 1754 2684 magis
1773 2601 2015 2686 prosperam
2039 2604 2087 2658 ac

658 2716 886 2800 salutarem
914 2713 1149 2800 effecerunt.
1172 2718 1302 2825 Leges
1320 2733 1549 2828 praeterea,
1570 2743 1676 2826 quas
1695 2715 2084 2828 Langobardorum,

653 2858 689 2942 F
693 2884 1002 2968 censorumque
1021 2857 1152 2967 Reges
1169 2857 1346 2942 subinde
1366 2856 1570 2958 tulerunt,
1588 2873 1700 2940 tanta
1715 2859 1939 2964 sagacitate
1953 2888 2087 2971 popu·

652 2999 791 3082 lorum
811 2999 1044 3084 commodis
1062 3063 1073 3102 ,
1096 3028 1144 3083 ao
1163 3002 1226 3084 rei
1245 2998 1438 3112 publicae
1458 2998 1812 3086 administrationi
1838 3003 2086 3114 plerumque

656 3139 970 3242 consuluerunt,
1001 3159 1150 3223 utnon
1173 3141 1384 3226 immerito
1422 3141 1661 3253 complures
1689 3173 1742 3226 ex
1772 3144 1871 3254 ipsis
1909 3144 2087 3230 antecel-

655 3281 746 3364 lere
789 3283 1072 3368 recentiorum
1110 3301 1349 3396 temporum
1387 3285 1589 3368 institutis
1633 3283 1824 3400 plerique
1866 3287 2086 3398 scriptores

653 3428 928 3509 autumarint.
967 3428 1035 3511 Ex
1064 3426 1303 3513 huiusmodi
1346 3457 1473 3539 porro
1514 3429 1675 3540 legibus
1715 3459 1826 3515 nova
1869 3432 2082 3544 quaedam

653 3564 876 3652 bominum
905 3569 1064 3654 indoles
1084 3569 1210 3678 vulgo
1230 3569 1547 3678 efformabatur,
1564 3602 1676 3686 quae
1688 3573 1914 3687 permulta
1928 3574 2082 3660 dehinc

653 3709 816 3794 saecula
853 3709 957 3795 adeo
985 3709 1264 3822 perduravit,
1296 3733 1343 3798 ut
1370 3745 1418 3802 ea
1446 3743 1557 3828 quae
1587 3717 1904 3832 insequentibus
1932 3721 2083 3806 aetati-

650 3853 728 3935 bus
756 3853 865 3936 inter
894 3856 1089 3963 Europae
1118 3859 1304 3942 nationes
1334 3858 1623 3972 prodierunt,
1653 3863 1860 3972 originem
1888 3867 1942 3950 ab
1972 3866 2082 3950 anti-

649 3993 789 4106 quiori
823 3993 896 4076 illa
937 3992 1136 4078 duxerint
1176 3998 1372 4084 aevitate.
1419 4005 1508 4089 Nec
1550 4033 1650 4088 vero
1694 4003 1844 4090 eadem
1887 4024 2078 4116 tempora

651 4134 792 4246 quoad
821 4134 1078 4222 litteraturae
1108 4136 1326 4226 historiam
1352 4169 1536 4228 vacuum
1561 4142 1781 4256 quoddam
1806 4145 2077 4232 intervallum

653 4273 885 4357 existimari
914 4296 1089 4388 oportet.
1122 4279 1389 4390 Ingeniorum
1419 4285 1535 4370 enim
1567 4285 1731 4372 cultura
1773 4317 1859 4373 non
1898 4289 2076 4374 absurde

652 4416 891 4526 comparari
919 4433 1054 4530 potest
1083 4420 1152 4523 ei,
1182 4453 1291 4536 quae
1322 4423 1537 4510 arboribus
1564 4455 1641 4540 per
1665 4429 1829 4516 diversa
1850 4431 1951 4516 anni
1972 4451 2078 4514 tems

649 4583 754 4667 pora
775 4557 986 4668 contingit.
1014 4563 1320 4651 Intermortuae
1362 4567 1534 4680 quidem
1563 4575 1676 4684 ipsae
1719 4561 1840 4660 nobis
1878 4601 1963 4658 sese
1999 4601 2074 4686 per

649 4696 830 4784 hiemem
875 4701 1104 4811 obiiciunt,
1134 4704 1207 4789 sed
1235 4705 1457 4798 dumtaxat
1485 4714 1529 4797 in
1557 4715 1765 4829 speciem3
1809 4747 1858 4800 eo
1890 4745 2076 4830 namque

647 4861 838 4954 tempore
858 4849 1038 4957 vegetari
1061 4881 1332 4967 nequaquam
1352 4857 1568 4968 desinunt,
1591 4861 1722 4960 immo
1742 4862 1821 4947 sub
1842 4863 1929 4976 ipsa
1950 4863 2075 4949 inerti
