4692 6512
1323 619 1467 718 (tto)

681 809 699 855 s
725 782 819 856 nobis
842 803 981 878 persono
1004 781 1182 854 summissis
1204 779 1295 856 nullo
1319 791 1466 876 tempore
1482 797 1663 874 numquam
1686 785 1720 848 tu
1747 776 1914 847 nominate
1939 778 2039 850 drosu
2055 781 2112 852 cui

570 945 575 955 ·
679 931 899 1009 supernomen
923 933 1052 1004 gemme
1077 934 1182 983 nurus
1206 919 1240 984 et
1262 917 1400 1004 cognato
1424 929 1482 980 seu
1506 905 1645 999 coniuge
1677 913 1788 975 nostru
1813 916 1869 974 aut
1884 904 2020 978 heredes
2044 909 2110 980 tuis

678 1039 823 1113 babeatis
849 1037 967 1112 exinde
984 1060 1191 1133 quecumque
1214 1035 1466 1132 requesitionem
1489 1047 1546 1108 out
1568 1033 1750 1107 molestiam
1765 1030 1808 1102 bu
1824 1054 1911 1102 nunc
1927 1043 1960 1104 et
1975 1032 2010 1103 in
2025 1056 2108 1127 per-

676 1165 783 1260 petuis
808 1161 1025 1258 temporibus:
1053 1161 1185 1255 insuper
1209 1159 1460 1255 omnitempore
1484 1182 1544 1230 nos
1560 1168 1592 1231 et
1606 1157 1742 1230 heredes
1766 1157 1886 1229 nostris
1903 1156 1961 1230 tibi
1978 1159 2107 1254 tuisque

674 1289 849 1364 heredibus
874 1289 915 1360 ab
938 1287 1028 1360 omni
1053 1287 1185 1360 bomine
1209 1288 1363 1381 omnique
1388 1310 1524 1381 persona
1554 1311 1572 1356 a
1597 1285 1681 1380 porti
1705 1283 1820 1357 militie
1845 1293 1878 1354 et
1911 1310 1930 1354 a
1960 1286 2105 1378 pertibus

677 1413 956 1512 lungubardorum
996 1412 1091 1485 simul
1134 1422 1167 1484 et
1205 1437 1225 1481 u
1257 1410 1461 1482 nominatum
1496 1411 1670 1482 iohannem
1705 1410 1808 1481 filium
1846 1419 1879 1480 et
1914 1431 2104 1502 germanum

673 1551 821 1612 nostrum
844 1549 877 1612 et
900 1539 941 1611 ab
966 1559 1082 1612 eorum
1105 1533 1279 1608 heredibus
1302 1536 1420 1608 exinde
1444 1536 1479 1606 in
1503 1536 1653 1606 omuibus
1687 1547 1850 1607 antestare
1876 1547 1908 1608 et
1939 1536 2104 1609 defensare

673 1667 919 1760 promittimus:
946 1688 1008 1760 pro
1032 1663 1186 1759 eoquod
1220 1663 1285 1733 ium
1321 1661 1440 1734 exinde
1476 1663 1659 1756 accepimus
1684 1689 1702 1733 a
1728 1673 1759 1734 te
1783 1665 1864 1736 idest
1888 1665 1959 1735 suri
1981 1663 2102 1736 solidos

671 1793 836 1888 quudtuor
876 1790 1057 1886 bytianteos
1097 1792 1186 1886 quod
1227 1790 1374 1862 dedimus
1418 1812 1479 1884 pro
1515 1790 1621 1860 anime
1660 1790 1795 1884 quidem
1833 1792 1989 1862 nominati
2021 1793 2101 1862 boni

671 1918 735 1988 viri
759 1927 793 1992 et
816 1918 956 2013 genitori
978 1917 1081 1990 nostri
1104 1927 1143 1988 ut
1166 1918 1252 1988 inter
1275 1916 1370 1988 nobis
1394 1916 1582 1988 componit:
1609 1917 1699 2012 quod
1722 1918 1750 1988 si
1774 1927 1807 1991 et
1829 1919 1965 1990 minime
1990 1919 2100 1991 adim-

670 2043 867 2137 pleverimus
892 2065 951 2114 nos
975 2044 1028 2116 uel
1052 2043 1188 2116 heredes
1215 2042 1334 2113 nostris
1363 2043 1404 2115 de
1420 2041 1472 2112 bis
1500 2041 1651 2113 omnibus
1677 2043 1852 2114 nominetis
1871 2067 1930 2138 per
1953 2045 2100 2140 quoliuet

667 2169 803 2241 modum
828 2180 884 2240 sut
906 2167 1086 2242 summissis
1114 2155 1260 2262 persbnis
1295 2175 1373 2237 tunc
1406 2166 1633 2260 componimus
1668 2164 1729 2236 tibi
1760 2165 1890 2260 tuisque
1925 2165 2097 2241 berodibus

667 2293 739 2364 auri
774 2293 896 2365 solidos
920 2291 1108 2388 quindecim
1141 2291 1323 2386 bytionteos
1359 2305 1391 2363 et
1423 2290 1484 2362 bec
1520 2289 1667 2360 chartula
1706 2289 1902 2361 venditionis
1931 2303 1968 2362 ut
2002 2316 2099 2388 super

666 2416 787 2511 legitur
801 2417 845 2488 sit
860 2417 967 2488 firmo:
985 2416 1104 2510 scripta
1120 2439 1179 2510 per
1195 2414 1386 2509 gregorium
1403 2414 1560 2487 curialem
1584 2437 1642 2508 per
1657 2413 1836 2487 indictione
1852 2417 2059 2514 nonunats†

762 2537 826 2609 boc
848 2541 979 2630 signum
1002 2536 1033 2631 †
1056 2560 1172 2608 monus
1208 2538 1374 2609 nominate
1410 2536 1584 2609 eufimmie.
1622 2536 1810 2632 signum-i·
1841 2561 1955 2612 monus
1982 2546 2095 2614 nomi-

666 2666 735 2738 nati
759 2662 962 2759 stephanici
986 2662 1222 2757 soussignum
1253 2659 1285 2754 †
1317 2684 1433 2732 manus
1468 2661 1627 2732 nominati
1658 2663 1747 2735 leoni
1776 2667 1903 2738 ferrarii
1933 2668 1993 2738 viri
2025 2673 2090 2742 sui.

665 2793 796 2886 signum
817 2788 849 2884 †
872 2811 987 2862 munus
1011 2789 1170 2860 nominati
1202 2789 1387 2883 pantaleoni
1422 2788 1482 2882 qui
1508 2789 1619 2860 omnia
1654 2792 1819 2864 nominato
1856 2797 2094 2870 consentierunt

662 2911 754 3006 quod
777 2931 840 3004 ego
864 2909 922 3004 qui
947 2908 1131 2982 nominatos
1154 2931 1216 3003 pro
1248 2909 1295 2978 eis
1321 2907 1497 3002 subscripsi
1522 2919 1555 2982 et
1581 2911 1765 2982 nominatos
1789 2912 1907 2998 solidos¹
1936 2918 2092 2988 confiteor

683 3059 755 3108 erce
790 3059 840 3108 sso

660 3059 682 3131 P
755 3059 789 3255 ἵ
812 3034 894 3255 ngd
902 3169 1013 3255 petrus
1037 3159 1122 3231 titius
1138 3159 1264 3232 domini
1281 3159 1384 3234 basini
1401 3172 1535 3256 rogatus
1551 3188 1570 3234 u
1587 3165 1819 3260 suprascriptas
1841 3189 1993 3259 personas
2017 3172 2091 3240 testi

661 3287 836 3382 subscripsi
861 3295 894 3358 et
917 3287 1153 3381 suprascriptos
1177 3287 1296 3358 solidos
1319 3290 1476 3361 confiteor
1499 3291 1723 3387 percepisse†

757 3413 789 3509 †
811 3416 882 3512 Ego
908 3413 1034 3511 sergius
1058 3415 1145 3486 iilius
1169 3415 1293 3486 domini
1318 3415 1468 3489 iohannis
1492 3430 1624 3516 rogetus
1649 3419 1917 3516 usuprsseriptns
1937 3447 2087 3517 personas

662 3543 732 3616 testi
757 3543 931 3638 subscripsi
956 3553 989 3616 et
1012 3543 1245 3638 suprascriptos
1270 3543 1389 3616 solidos
1413 3549 1569 3621 confiteor
1593 3549 1819 3646 percepisse†

761 3663 1274 3765 †nm-er102omrorc
1297 3670 1348 3722 mu
1373 3673 1535 3770 epponem
1555 3676 1788 3734 POFATOTCA
1815 3651 1928 3741 c'o'd'm
1949 3679 2087 3740 murco.

659 3769 729 3824 nso
748 3771 858 3825 usum
873 3775 968 3832 cors
993 3771 1046 3826 ΕΘ
1066 3777 1180 3832 ouroo
1206 3781 1363 3837 comooc
1383 3783 1488 3838 nono
1507 3781 1781 3861 assummum

759 3877 888 3975 †Ego
913 3885 1084 3978 gregorius
1113 3888 1242 3960 curialis
1280 3889 1441 3984 complevi
1476 3913 1534 3986 per
1571 3889 1745 3966 indictione
1783 3897 1945 3968 nominate
1980 3901 2086 3994 quin-

659 4004 869 4101 tadecimu†

2331 3745 2335 3898 t
