4658 6508
867 625 1005 732 ’(39)

235 787 293 857 tibi
316 786 395 859 illud
420 811 496 859 cum
519 791 597 884 ipsis
620 792 768 863 testibus.
793 801 826 864 at
849 803 885 864 tu
910 794 1135 868 abrenuntiare
1159 797 1241 868 mihi
1263 823 1309 869 ea.
1334 800 1384 870 sin
1408 809 1516 872 anum
1553 802 1660 874 iurare

234 923 270 981 tn
293 911 374 982 mihi
398 921 431 983 et
454 913 576 985 diceret
598 923 636 984 nt
657 926 835 987 memorata
860 925 943 988 terra
967 929 1023 988 tua
1047 927 1079 990 et
1115 921 1155 991 de
1190 923 1375 1014 parentibus
1407 925 1472 995 tuis
1494 926 1607 998 finisset
1630 935 1662 998 et

234 1057 293 1105 nec
316 1043 353 1104 tu
375 1058 435 1109 nec
458 1037 643 1130 parentibus
665 1040 730 1110 tuis
753 1039 835 1110 mihi
859 1051 892 1112 et
915 1042 955 1113 ad
979 1043 1163 1135 parentibus
1187 1046 1268 1118 meis
1292 1047 1408 1119 exinde
1436 1051 1661 1120 terraraticum

234 1186 300 1234 non
324 1165 490 1236 dedissetis
513 1175 545 1238 et
569 1189 631 1261 ego
653 1190 774 1261 ponere
798 1168 857 1238 tibi
881 1168 997 1240 exinde
1021 1169 1104 1241 banc
1127 1173 1320 1246 securitate:
1352 1177 1440 1270 quod
1475 1187 1508 1248 et
1541 1181 1662 1248 lactum

235 1301 283 1360 est
306 1301 339 1361 et
361 1292 439 1386 qnia
462 1313 528 1362 non
552 1291 654 1362 balnit
677 1315 751 1386 pars
774 1315 846 1364 mea
869 1293 928 1364 tibi
951 1293 1033 1364 illud
1056 1293 1161 1367 taliter
1185 1298 1351 1370 ostendere
1375 1311 1407 1371 et
1430 1325 1498 1372 esse
1521 1301 1556 1372 in
1579 1325 1662 1396 pre-

233 1415 315 1486 senti
338 1417 445 1509 recepi
462 1441 480 1485 a
504 1427 536 1488 te
549 1417 666 1488 exinde
681 1426 899 1489 memoratum
915 1427 1150 1490 sacramentum
1167 1429 1199 1490 et
1216 1421 1347 1493 definivi
1364 1424 1481 1495 exinde
1499 1433 1606 1497 tecum
1631 1435 1663 1497 et

234 1563 307 1610 cum
332 1542 465 1614 heredes
486 1553 561 1614 tuos
584 1544 618 1613 in
641 1545 793 1616 omnibns
816 1556 849 1616 et
872 1571 891 1615 a
914 1569 1000 1616 nunc
1031 1557 1063 1618 et
1094 1548 1244 1644 deinceps
1276 1574 1442 1645 nunquam
1476 1573 1662 1647 presummo

235 1689 296 1759 ego
319 1675 376 1737 aut
398 1667 532 1740 heredes
554 1669 636 1740 meis
658 1691 717 1741 nec
740 1668 916 1741 habeamus
939 1669 1102 1742 licentiam
1125 1682 1158 1743 te
1181 1683 1237 1744 aut
1259 1673 1393 1747 heredes
1429 1675 1492 1748 tuis
1526 1700 1663 1772 querere

234 1793 273 1862 de
296 1801 475 1863 memorata
499 1793 623 1887 integra
647 1803 733 1864 terra
756 1818 821 1888 quc
844 1801 981 1863 vocatur
1004 1794 1161 1887 parietina
1184 1797 1287 1888 posita
1310 1799 1344 1868 in
1379 1809 1558 1870 memorato
1579 1801 1664 1870 ‚loco

233 1929 343 1988 sancto
365 1918 520 2012 stephano
543 1919 638 1990 sicuti
661 1920 808 2013 superius
831 1942 890 2013 par
913 1931 1106 1992 memoratas
1129 1921 1329 1994 coherentias
1352 1935 1385 1994 et
1418 1927 1570 1998 termines
1586 1949 1662 1996 ese-

234 2045 442 2137 gregavimus
474 2069 533 2138 per
565 2046 691 2116 nullum
722 2046 855 2115 modum
891 2044 1017 2115 nullum
1052 2046 1219 2138 ingenium
1251 2048 1436 2143 nullamque
1460 2050 1663 2120 adinventam

234 2174 359 2245 ratione
390 2197 449 2244 nec
481 2197 540 2266 per
572 2173 777 2244 summissam
810 2193 980 2266 personam
1005 2196 1023 2240 a
1046 2194 1132 2240 nnnc
1155 2181 1188 2242 et
1211 2171 1246 2240 in
1269 2173 1432 2265 perpetuis
1466 2173 1664 2266 temporibus

234 2298 261 2368 si
285 2309 395 2370 autem
417 2308 450 2370 et
473 2307 586 2370 contra
608 2299 691 2370 hanc
715 2298 894 2368 chartulam
918 2297 1096 2368 securitatis
1120 2307 1157 2368 nt
1180 2298 1327 2391 superius
1361 2297 1480 2391 legitur
1513 2323 1575 2391 ego
1612 2297 1666 2368 vel

235 2423 300 2493 mci
324 2423 459 2495 heredes
482 2423 594 2492 venire
617 2421 906 2516 presumpserimus
930 2443 988 2514 per
1010 2420 1128 2514 quovis
1143 2422 1277 2490 modum
1294 2429 1349 2490 ant
1364 2422 1567 2492 summissam
1583 2446 1664 2516 per-

235 2571 345 2619 sonam
370 2559 448 2619 tnnc
471 2571 619 2642 conpono
642 2573 704 2643 ego
728 2558 761 2620 et
783 2549 917 2620 heredes
941 2550 1005 2621 mei
1029 2547 1089 2618 tihi
1113 2548 1242 2642 tuisque
1266 2547 1439 2621 heredibus
1455 2551 1527 2620 auri
1543 2549 1664 2620 sohdos

234 2675 368 2768 triginta
391 2674 571 2770 bytianteos
595 2685 628 2744 et
649 2675 710 2746 hec
734 2675 887 2746 securitas
910 2684 947 2744 ut
970 2673 1118 2767 superius
1140 2675 1260 2766 legitur
1283 2675 1325 2744 sit
1349 2675 1475 2745 firmam
1512 2676 1662 2768 scriptam

234 2822 292 2892 per
317 2822 450 2870 manum
474 2798 622 2868 anastasii
648 2799 807 2869 scriniarii
830 2798 1022 2892 discipulum
1047 2796 1171 2868 domini
1193 2785 1341 2867 iohannis
1365 2775 1494 2867 curialis
1522 2811 1554 2867 et
1578 2799 1665 2866 scri-

234 2925 329 2996 niarii
353 2947 412 3018 per
434 2935 611 2995 memorata
635 2925 872 3019 quartadecima
897 2924 1070 2996 indictione

330 3057 403 3127 Hoc
426 3055 555 3147 signum
578 3051 609 3146 †
633 3079 746 3126 manus
761 3055 932 3126 memorati
956 3053 1105 3124 iohannis
1122 3053 1180 3146 qni
1196 3054 1304 3122 omnia
1322 3063 1497 3122 memorata
1524 3075 1666 3122 consen-

234 3181 317 3254 tiens
341 3183 429 3273 quod
454 3203 516 3272 ego
541 3179 598 3272 qni
622 3187 817 3250 memoratos
840 3200 901 3272 pro
925 3199 1000 3248 eum
1016 3175 1188 3267 subscripsi

234 3664 293 3704 non
313 3645 431 3724 vulgari
451 3645 600 3726 religione
621 3659 696 3704 tunc
721 3645 863 3724 temporis
884 3642 1050 3704 colebatur·
1082 3639 1124 3702 Et
1153 3662 1187 3702 re
1207 3662 1279 3702 sane
1299 3661 1373 3702 vera
1393 3640 1517 3701 Carolus
1540 3641 1665 3720 Magnus

234 3755 341 3838 (apud
358 3761 482 3818 Mutet.
496 3759 576 3818 Rer.
595 3757 673 3818 Ital.
700 3758 813 3835 Scn'pt.
838 3766 857 3814 t
880 3759 910 3816 I.
930 3775 1009 3834 pag.
1021 3755 1090 3837 95)
1112 3755 1194 3815 iussit
1213 3773 1321 3814 manus
1346 3753 1556 3834 amputatione
1573 3753 1665 3833 plecti

237 3868 397 3948 periuros,
419 3889 490 3929 oum
510 3868 565 3928 hos
584 3886 727 3929 romanae
748 3867 828 3948 leges
843 3881 896 3928 ant
914 3869 992 3927 satia
1001 3871 1110 3928 Deum
1132 3867 1265 3926 ultorem
1284 3865 1396 3925 habere
1412 3864 1556 3925 duxerint
1570 3865 1665 3944 (Ina

239 3983 275 4039 0.
299 3979 338 4040 de
358 3979 423 4040 reb.
446 3981 527 4042 cred.
542 3979 572 4062 )‚
595 3994 648 4041 aut
667 3979 747 4040 nihil
768 3980 891 4064 gravina
911 3981 1091 4055 statuerint,
1113 3997 1208 4061 quam
1228 3979 1279 4041 vel
1300 3977 1422 4039 eosdem
1442 3977 1584 4054 infamia
1605 3997 1664 4036 no-

238 4092 302 4150 tari
322 4090 387 4170 (L.
403 4106 446 4150 22
458 4091 501 4171 ff.
529 4090 567 4150 de
592 4089 691 4172 dot),
714 4089 767 4152 vel
787 4098 875 4149 extra
893 4088 1033 4150 ordinem
1053 4087 1211 4151 verbemn'
1229 4089 1295 4165 (L.
1320 4099 1358 4158 41
1379 4090 1411 4149 0.
1425 4088 1463 4148 de
1477 4089 1664 4171 transcen),

231 4200 288 4262 vel
309 4200 458 4261 criminis
477 4201 560 4277 salai
569 4246 580 4280 ‚
603 4222 643 4262 ac
666 4201 861 4264 stellionatus
881 4221 949 4264 reos
973 4203 1135 4281 postulari
1154 4203 1219 4282 (L.
1242 4202 1282 4261 as
1307 4203 1341 4260 G.
1363 4200 1401 4260 de
1422 4210 1543 4262 mamm.
1559 4201 1589 4284 ),
1610 4201 1663 4264 vel

232 4312 365 4396 deniqne
385 4313 432 4375 ad
447 4313 603 4376 domum
612 4317 757 4393 pertusio
771 4315 897 4376 illumne
918 4314 1132 4394 reparandum
1153 4312 1358 4377 condemnari
1375 4313 1439 4397 (L.
1462 4315 1519 4375 ute.
1530 4313 1576 4392 ff.
1596 4319 1665 4377 atel-

233 4429 306 4489 la'an.
321 4428 343 4510 )
373 4427 407 4489 ld
428 4448 502 4491 vcro
523 4430 580 4489 rati
599 4447 701 4490 sumus
722 4427 1024 4492 animadvertendum
1045 4449 1108 4488 non
1130 4429 1308 4510 ecquidem
1329 4441 1448 4498 mente,
1469 4445 1505 4492 ut
1525 4431 1662 4492 medinm

232 4560 342 4602 aevum
374 4540 590 4604 vetustioribus
616 4559 653 4600 ac
670 4539 779 4600 nostris
804 4539 872 4621 ipsis
896 4539 1076 4622 temporebus
1105 4558 1224 4600 morum
1253 4540 1453 4601 sanctimonia
1483 4541 1665 4622 praestitisse

234 4651 376 4730 dicatur,
408 4675 516 4716 verum
536 4669 573 4714 nt
599 4654 763 4735 unicnique
787 4665 888 4737 pateat
918 4672 1029 4714 aevum
1049 4651 1130 4714 illud
1162 4673 1223 4713 non
1248 4667 1334 4716 tanta
1359 4652 1483 4735 quidem
1504 4654 1663 4738 impietatis

233 4761 424 4845 aliorumque
445 4763 588 4826 scelerum
613 4763 683 4826 labe
703 4761 791 4825 inisse
811 4761 1067 4824 commaculatum
1079 4806 1088 4840 ,
1125 4775 1159 4822 ut
1192 4765 1288 4823 omnia
1321 4761 1476 4840 religionis
1498 4783 1533 4822 ac
1562 4761 1664 4846 probi-

232 4873 302 4932 tatis
331 4871 456 4953 restigia
479 4891 600 4954 prorsus
620 4870 820 4950 evanuerint,
850 4869 933 4954 quod
955 4871 1149 4953 intemperati
1169 4869 1295 4953 qnidam
1316 4871 1522 4934 recentiorum
1544 4885 1667 4955 tempo-

232 5001 298 5041 rum
320 4978 492 5042 laudatores
513 4997 625 5044 temere
647 4995 830 5045 statuerunt.
