4658 6508
819 1140 945 1211 Christe
969 1142 1051 1210 lave

319 1270 356 1338 ln
379 1269 510 1338 nomine
534 1267 658 1339 domini
681 1267 734 1337 dei
757 1267 926 1338 salvatoris
947 1266 1051 1337 nostri
1074 1266 1169 1336 ihesu
1192 1263 1304 1334 christi
1320 1264 1498 1356 imperante
1522 1263 1654 1332 domino
1726 1267 1779 1310 ²¹¹¹·

225 1406 338 1463 nostro
353 1394 562 1464 Constantino
586 1415 705 1484 magno
728 1393 922 1486 imperatore
956 1414 1040 1461 anno
1064 1391 1286 1463 tertiodecimo
1303 1390 1356 1460 die
1373 1388 1522 1459 vicesima
1540 1399 1655 1484 quarta
1713 1379 1795 1438 9⁸2¹·

222 1521 339 1588 mensis
363 1521 518 1589 februarii
541 1519 716 1590 indictione
739 1541 825 1589 nona
847 1520 1007 1614 neapoliq.
1040 1519 1182 1591 dividere
1206 1519 1316 1613 itaque
1339 1516 1402 1588 visi
1425 1520 1556 1588 luerunt
1590 1541 1654 1608 pa-

221 1659 328 1719 rentes
351 1649 469 1718 nostris
492 1649 641 1720 videlicet
665 1649 917 1720 theodonanda:
945 1658 977 1719 et
1000 1647 1159 1720 theodoro
1183 1647 1344 1740 germanis
1368 1655 1400 1716 et
1418 1654 1564 1738 parentes
1580 1655 1654 1714 tuos

225 1774 358 1843 domino
390 1775 517 1843 marino
547 1774 645 1843 militi
660 1775 808 1845 exadello
838 1796 994 1868 germano
1026 1784 1163 1843 nostro:
1189 1795 1248 1866 per
1279 1771 1405 1843 merissi
1440 1781 1472 1841 et
1508 1775 1653 1842 lecerunt

220 1899 304 1968 inter
324 1922 357 1970 se
382 1907 421 1968 ut
443 1899 549 1992 qualis
571 1899 680 1992 portio
705 1899 837 1994 aliquod
860 1900 900 1970 de
923 1898 1072 1991 portione
1092 1921 1150 1968 sua
1167 1897 1341 1990 perdiderit
1353 1906 1405 1965 ut.
1421 1946 1429 1963 .
1445 1896 1653 1966 alterutrum

225 2025 286 2115 ipsi
312 2035 345 2095 et
367 2024 501 2096 heredes
525 2027 596 2096 eius
620 2027 705 2096 inter
728 2049 762 2096 se
786 2029 984 2096 retundere:
1019 2048 1106 2095 nunc
1130 2031 1237 2094 autem
1246 2072 1375 2092 ......
1385 2032 1422 2091 tu
1453 2031 1651 2092 memoratus

223 2151 374 2219 dominus
398 2152 542 2221 marinus
565 2153 730 2222 exadellus
752 2161 862 2221 noster
885 2153 926 2222 de
959 2151 1108 2243 portione
1133 2157 1189 2218 tua
1221 2150 1258 2215 de
1289 2149 1380 2216 terris
1415 2147 1449 2216 in
1482 2147 1651 2239 pulianum

221 2279 294 2349 loco
311 2279 556 2350 calberitianum
572 2280 620 2372 (1)
637 2305 646 2348 r
675 2289 707 2349 et
730 2279 827 2349 hecco
844 2279 878 2348 in
898 2279 1054 2372 presentis
1070 2299 1129 2346 nos
1145 2283 1323 2346 memorata
1338 2275 1561 2345 theodonanda
1577 2297 1653 2344 cum

219 2424 377 2472 consensu
394 2403 518 2472 domini
534 2403 682 2472 anastasii
697 2403 810 2472 militis
826 2401 890 2472 riri
907 2403 973 2472 mei
991 2412 1024 2473 et
1037 2425 1099 2494 ego
1112 2409 1311 2471 memoratus
1324 2399 1501 2468 theodorus
1517 2421 1652 2489 germa-

217 2547 278 2594 nos
302 2526 495 2618 pagavimus
519 2537 551 2596 et
574 2528 747 2595 relusimus
771 2525 830 2594 tibi
853 2535 1033 2597 memorato
1068 2525 1201 2597 domino
1224 2523 1351 2592 marino
1375 2521 1472 2592 militi
1496 2545 1652 2616 germano

218 2659 329 2719 nostro
353 2653 395 2720 de
419 2651 513 2720 terris
535 2651 696 2744 portionis
718 2661 828 2722 nostre
859 2652 963 2742 posite
999 2649 1083 2720 intra
1118 2651 1297 2743 pertinente
1332 2653 1373 2720 de
1408 2651 1546 2720 fundum
1583 2673 1652 2719 no·

219 2787 322 2846 strum
346 2778 381 2845 in
404 2776 613 2845 casamiana:
652 2786 685 2847 et
709 2799 785 2846 eum
809 2774 869 2844 tibi
894 2775 1041 2846 dedimus
1070 2799 1129 2868 per
1159 2798 1310 2846 mensura
1343 2801 1361 2844 a
1393 2783 1484 2868 parte
1518 2776 1652 2845 orientis

219 2904 306 2972 eirca
331 2913 416 2974 terra
440 2903 541 2972 sancti
565 2903 709 2972 andrea:
751 2903 784 2972 in
818 2902 989 2973 latitudine
1022 2905 1214 2974 extendente
1251 2925 1360 2996 passos
1383 2903 1524 2974 nobem:
1551 2914 1584 2973 et
1617 2903 1651 2972 in

219 3032 456 3125 longitudinem
479 3053 589 3123 passos
612 3031 796 3122 octoaginta
818 3051 945 3098 unum:
988 3032 1159 3100 memorati
1193 3032 1277 3124 passi
1312 3039 1346 3100 at
1381 3053 1510 3124 passum
1539 3041 1647 3102 sancte

217 3157 419 3249 neapolitane
445 3155 577 3224 ecclesie
597 3153 644 3248 (a)
661 3163 694 3226 et
717 3180 736 3222 a
760 3157 859 3226 modo
883 3163 915 3225 et
939 3177 1066 3248 semper
1082 3179 1188 3250 neque
1213 3183 1232 3227 a
1256 3156 1349 3226 nobis
1365 3157 1553 3228 memoratis
1568 3179 1650 3248 ger-

297 3598 341 3682 (1)
365 3601 591 3661 Casamianam
616 3599 654 3657 ad
681 3600 930 3660 Calleritianum
953 3605 1014 3664 sive
1038 3603 1271 3665 Caldiezcmum
1291 3605 1405 3684 (hodie
1434 3605 1650 3686 Calvz'szano)

216 3714 290 3769 inter
314 3712 489 3791 antiquiores
515 3712 717 3793 neapolitanae
745 3715 882 3774 Liburiae
911 3735 1002 3794 pagos
1026 3732 1224 3776 memoratum
1249 3719 1418 3798 pertinuisse
1445 3739 1461 3775 e
1483 3721 1650 3776 monasterii

216 3822 248 3880 S.
275 3820 435 3881 Sebastiam
455 3823 651 3880 instrumentis
674 3837 765 3904 patet.
792 3823 878 3882 Idem
898 3822 935 3883 de
957 3825 1100 3885 Puliano
1114 3825 1329 3887 affirmandum
1343 3848 1402 3886 esse
1414 3847 1548 3907 praesens
1563 3826 1649 3885 docet

217 3931 410 4003 membrana,
433 3949 510 4008 quae
535 3930 715 3989 Pallanum
736 3933 771 3990 rit
793 3933 859 3990 loeo
890 3933 1096 3992 Calderitt'cmi
1118 3933 1248 4015 positum
1270 3954 1328 3994 esse
1352 3932 1451 3993 tradit.
1476 3936 1553 3994 Cum
1578 3954 1649 3994 vero

217 4041 291 4098 inter
315 4059 430 4120 pagos,
459 4039 512 4118 qui
543 4041 573 4096 in
596 4038 783 4120 neapolitano
814 4040 1035 4100 continebantur
1060 4064 1156 4124 agro,
1194 4043 1391 4102 Caeamiana
1419 4058 1449 4104 et
1471 4044 1650 4105 Palicanum

217 4173 311 4233 neque
332 4173 350 4210 a
374 4151 498 4213 Claritio
518 4172 614 4232 neque
635 4173 653 4211 a
674 4153 794 4212 caeteris
813 4154 916 4213 nostris
934 4153 1115 4234 φιλαρχαίοιε
1144 4159 1331 4240 scriptoribus
1359 4173 1577 4230 recenseantur,
1598 4185 1649 4227 nos

217 4279 376 4345 utrumque
390 4284 444 4344 pro
464 4261 599 4322 locorum
619 4265 716 4345 potius
737 4283 830 4344 quam
849 4283 995 4345 pagorum
1015 4267 1297 4331 nomenclationibus
1315 4271 1466 4336 habemus.

295 4374 340 4454 (2)
361 4374 535 4456 Neapolitae
559 4373 677 4456 praedia
699 4377 802 4435 metari
826 4392 1036 4438 consueverunt
1047 4378 1155 4456 ferreo
1178 4381 1311 4463 quodam
1326 4405 1451 4464 passu,
1475 4389 1527 4467 qui
1540 4389 1649 4470 palmis

215 4502 325 4569 septem
349 4509 384 4547 ac
406 4489 508 4547 triente
533 4488 704 4568 constabat,
729 4503 759 4550 et
782 4489 913 4570 quadam
931 4493 1027 4554 veluti
1049 4495 1187 4576 religione
1210 4498 1240 4555 in
1260 4499 1364 4557 maiori
1377 4499 1500 4560 eeclesia
1515 4523 1648 4564 asserva-

215 4602 321 4676 batur,
345 4601 599 4682 quemadmodum
621 4602 787 4664 civitatibus
807 4606 947 4667 universis
967 4629 1072 4690 graeco
1085 4609 1215 4670 obnoxiis
1229 4611 1356 4695 Imperio
1369 4627 1560 4697 praeceptum
1574 4615 1647 4674 elim

216 4711 313 4773 suerat
341 4735 359 4774 a
394 4717 553 4778 Iustiniana
577 4718 590 4800 (
614 4719 771 4780 Anthent.
796 4717 834 4779 de
857 4720 960 4783 collat.
990 4723 1019 4806 §-
1045 4725 1167 4786 Nullus
1189 4734 1297 4786 autem
1310 4727 1334 4808 ).
1367 4729 1433 4788 lloe
1456 4727 1535 4788 idem
1558 4747 1644 4789 men·

218 4848 301 4886 surae
325 4850 441 4907 genus,
466 4833 548 4914 quod
569 4832 601 4892 in
614 4833 805 4915 neapolitanis
829 4834 1025 4898 instrumentis
1046 4839 1134 4900 modo
1147 4859 1264 4919 passm
1288 4850 1318 4900 et
1340 4860 1489 4900 mensura
1513 4841 1647 4901 civitatis

220 4940 398 5018 Neapolis,
429 4942 518 5001 modo
542 4947 644 5008 iustus
665 4966 778 5026 passus
793 4945 923 5020 ferreus
944 4945 1083 5011 Ecclesia
1104 4952 1318 5030 ll'eapolitane
1337 4953 1506 5028 vocitatur,
1531 4951 1648 5014 Stabiae
