4616 6532
1304 523 1315 614 (
1340 527 1361 595 8
1387 529 1404 620 )

734 690 765 785 †
788 693 860 785 Fgo
884 689 1032 784 gemulus
1055 685 1212 779 presbiter
1236 708 1309 756 sum
1332 697 1412 757 teste

733 815 764 911 †
787 817 888 910 Signa
912 835 1011 884 mauu
1034 811 1133 881 albini
1157 814 1198 883 de
1222 811 1401 882 couciliune
1426 821 1505 882 teste

733 943 763 1038 †
787 947 858 1037 Ego
882 953 1024 1036 portunu
1046 940 1261 1012 subdiaconus
1284 962 1357 1012 sum
1381 951 1460 1012 teste

731 1069 891 1163 †Signu
911 1090 1011 1138 manu
1034 1066 1176 1158 siciperti
1200 1066 1309 1136 elerici
1334 1067 1422 1137 testis

733 1195 764 1288 †
788 1196 890 1288 Signu
913 1217 1012 1266 manu
1036 1191 1206 1264 sebastiani
1228 1191 1337 1262 clerici
1360 1203 1393 1262 et
1417 1190 1520 1285 lupini
1545 1189 1629 1262 fitius
1653 1189 1746 1262 arsafi
1762 1192 1801 1262 de
1819 1199 1965 1261 sanctum
1989 1191 2072 1263 hel-

638 1325 765 1418 pidiunr

642 1513 643 1516 ,
734 1448 858 1542 †Ego
882 1451 1030 1542 gemulus
1054 1451 1189 1521 clericus
1212 1472 1285 1520 sum
1308 1459 1388 1520 teste

736 1575 836 1666 Signa
861 1599 959 1647 manu
983 1575 1139 1648 ursiniaui
1161 1576 1202 1646 de
1226 1575 1414 1648 caucilione.

644 3577 701 3630 ne,
725 3559 780 3636 qui
800 3555 1245 3617 Beneventanos·solumrnodo
1267 3559 1347 3616 inter
1369 3559 1523 3638 Principes
1544 3571 1739 3632 recensetur,
1762 3577 1893 3638 cumque
1912 3557 1942 3616 in
1963 3555 2069 3616 eodem

640 3681 851 3728 memorentur
870 3668 1014 3728 homines
1033 3669 1072 3728 de
1096 3668 1308 3741 Concilione,
1330 3687 1424 3748 quem
1446 3670 1551 3728 vicum
1574 3667 1612 3728 ad
1635 3675 1670 3729 S.
1692 3669 1886 3748 Stephanum
1909 3672 1942 3728 in
1964 3674 2070 3732 Massa

637 3779 791 3838 Atellano
811 3794 959 3862 spectasse
981 3801 1018 3842 ex
1039 3778 1110 3842 aliis
1135 3782 1247 3841 nostris
1264 3825 1274 3856 ‚
1311 3801 1392 3862 quae
1424 3801 1495 3842 uror
1527 3795 1717 3862 sequentur,
1751 3781 1935 3842 membranis
1956 3793 2068 3862 patet,

639 3895 851 3974 unusquisque
872 3914 928 3975 per
948 3915 979 3956 se
1001 3893 1149 3975 intelligit
1170 3896 1277 3954 vicum
1297 3893 1326 3954 S·.
1342 3892 1462 3975 Elpidii
1476 3907 1507 3954 et
1527 3893 1565 3953 ad
1582 3894 1735 3954 Liburiarn
1750 3891 1981 3972 Langobauiam
1994 3910 2068 3955 tune

640 4007 841 4086 pertinuisse,
863 4023 892 4068 et
914 4007 1053 4068 eumdem
1076 4007 1183 4080 fuisse,
1206 4010 1259 4087 qui
1281 4027 1362 4067 nunc
1384 4007 1482 4086 vulgo
1502 4011 1535 4064 S.
1558 4007 1687 4083 Arpu'no
1708 4019 1911 4086 nuncupatur.
1935 4005 1971 4065 Id
1993 4025 2071 4067 vero

640 4130 810 4178 nostrarum
824 4117 1043 4198 antiquitatum
1061 4118 1255 4198 vestigatores
1268 4115 1398 4196 quidam
1411 4117 1531 4179 silentio
1544 4119 1777 4199 praeterierunt,
1800 4115 1927 4197 quidam
1941 4116 2073 4177 obscure

637 4227 868 4310 significarunt,
884 4230 1014 4312 quidam
1037 4231 1170 4312 denique
1192 4228 1320 4290 inficiati
1342 4244 1434 4305 sunt,
1455 4233 1536 4290 inter
1549 4251 1627 4310 qnos
1641 4242 1804 4310 postremos
1818 4230 1980 4310 praecipue
2000 4247 2070 4290 me-

639 4341 807 4403 morandus
829 4341 953 4404 videtur
966 4343 1095 4406 Carolus
1116 4343 1285 4405 Franchius
1300 4343 1574 4425 praeclarissimum
1589 4343 1803 4423 neapolitanae
1815 4343 2069 4422 iurisprudentiae

638 4454 769 4528 lumen,
801 4454 853 4515 cui
873 4453 1011 4534 proiecto
1031 4453 1055 4514 si
1076 4475 1214 4536 praesens
1236 4469 1337 4514 nostra
1359 4455 1537 4514 innotuisset
1558 4454 1755 4527 membrana,
1787 4455 1911 4514 minime
1942 4469 2069 4516 conatus

638 4565 702 4644 ipse
722 4564 826 4624 fuisset
847 4566 1027 4625 coniecturis
1048 4564 1255 4646 undequaque
1277 4567 1437 4646 corrogatis
1468 4563 1648 4638 ostendere,
1680 4564 1765 4645 quod
1787 4566 1818 4626 S.
1839 4565 1958 4648 Elpidii
1981 4569 2068 4626 vicus

639 4674 866 4757 neapolitanam
887 4675 928 4737 ad
941 4674 1097 4740 Liburiam
1119 4679 1285 4758 autiquitus
1305 4679 1456 4756 spectarit.
1478 4676 1539 4736 Hic
1559 4697 1634 4738 vero
1652 4677 1684 4736 S.
1705 4675 1842 4759 Etpidius
1862 4681 2008 4758 pertinuit
2027 4677 2066 4736 ad

638 4789 796 4866 Atellam,
827 4791 867 4852 ad
889 4789 979 4852 ittam
999 4811 1110 4874 nempe
1132 4793 1263 4858 urbem,
1293 4791 1379 4849 cuius
1400 4789 1524 4850 fabulae
1544 4791 1677 4850 maximo
1696 4790 1774 4850 olirn
1794 4790 2069 4854 sueruntobleeta-

637 4911 741 4967 mento
761 4899 927 4977 Romanis,
950 4917 984 4962 ut
1006 4922 1022 4960 a
1045 4901 1131 4964 Livio
1151 4900 1228 4983 (tib.
1254 4903 1334 4960 VII.
1355 4920 1426 4980 enp.
1447 4900 1492 4981 2)
1514 4900 1578 4960 susc
1600 4898 1740 4961 traditur.
