4658 6508
888 629 906 717 t
929 632 974 699 a
999 627 1012 724 t

244 793 351 861 vestra
385 783 531 883 qualibet
564 784 723 878 horgania
758 793 814 856 aut
848 785 968 859 lectum
1001 785 1049 884 (t)
1081 811 1202 884 ponere
1233 816 1292 887 per
1326 794 1453 869 nullum
1489 799 1637 874 modum.

338 913 370 1009 †
393 917 508 985 Petrus
531 912 689 1005 presbiter
716 911 937 1006 subscripsi†
944 961 1121 987 ........
1128 917 1277 991 similiter
1300 943 1427 995 manus.

337 1035 463 1133 †Ego
487 1037 643 1108 lohannes
666 1037 751 1107 filius
786 1036 910 1107 domini
943 1037 1041 1130 sergii
1074 1039 1197 1112 tribuni
1228 1055 1360 1140 rogatus
1391 1071 1411 1118 a
1443 1050 1662 1147 suprascripto

244 1174 336 1259 petro
358 1165 539 1259 presbitero
564 1165 637 1234 testi
659 1161 833 1255 subscripsi
857 1160 888 1256 †
912 1161 989 1234 alias
1012 1187 1140 1237 manus.

340 1293 371 1388 †
397 1297 467 1386 Ego
491 1291 645 1384 caupulus
669 1289 754 1360 filius
776 1289 900 1362 domini
915 1291 1064 1363 lohannis
1071 1339 1269 1365 .........
1278 1295 1425 1369 similiter
1442 1299 1519 1374 olias
1535 1323 1661 1376 manus.

339 1427 371 1521 †
394 1429 465 1518 Ego
489 1426 540 1496 leo
564 1422 649 1494 filius
676 1420 802 1492 domini
824 1419 941 1491 marini
949 1468 1244 1496 .............
1252 1423 1329 1496 alias
1351 1447 1476 1500 manus

337 1553 368 1648 †
391 1557 462 1646 Ego
487 1553 644 1623 lohannes
667 1549 798 1622 curialis
821 1559 854 1623 et
876 1550 1060 1622 scriniarius
1074 1551 1132 1646 qui
1148 1565 1343 1626 memoratos
1358 1565 1431 1652 post
1446 1559 1662 1657 subscriptio-

243 1703 317 1754 nem
340 1680 471 1753 testium
493 1677 653 1772 complevi
676 1687 709 1749 et
732 1676 854 1750 absolvi
878 1701 936 1772 per
959 1687 1136 1750 memorata
1160 1679 1396 1774 quintadecima
1419 1683 1605 1758 indictione.

322 3056 366 3140 (a)
389 3058 459 3118 Vox
479 3075 636 3133 organum
658 3054 829 3115 denotando
850 3052 980 3115 cuilibet
1000 3053 1113 3115 musico
1133 3055 1337 3116 instrumento
1360 3055 1438 3117 olim
1460 3058 1663 3140 mancipata,

242 3167 381 3248 deinceps
401 3165 516 3249 grande
536 3164 619 3225 illud
637 3208 647 3240 ‚
669 3165 753 3246 quod
776 3162 904 3224 follibus
923 3163 1070 3242 inflatur,
1102 3170 1266 3248 praecipue
1287 3166 1481 3246 significavit.
1501 3167 1585 3230 Tum
1605 3167 1667 3230 hoc

242 3296 308 3342 tum
328 3281 450 3341 caeteris
463 3279 693 3354 instrumentis,
715 3297 849 3359 quorum
875 3278 991 3338 sonitus
1015 3276 1171 3358 religionis
1185 3278 1328 3358 gravitati
1347 3299 1383 3342 ac
1397 3277 1561 3344 modestiae
1574 3279 1667 3346 nullo

241 3393 365 3474 quidem
385 3404 473 3473 pacto
493 3389 642 3464 officeret,
664 3373 906 3452 Christianorum
920 3389 1066 3452 ecclesiae
1086 3392 1125 3452 ab
1144 3393 1302 3472 antiquiori
1322 3410 1396 3454 aevo
1415 3393 1462 3456 uti
1477 3407 1645 3476 coeperunt
1656 3437 1666 3471 ,

238 3504 324 3586 quod
357 3505 607 3566 eminentissimus
641 3505 789 3565 baronius
821 3518 944 3566 testatur
975 3503 1064 3587 (Ad
1083 3527 1160 3567 ann.
1188 3504 1227 3566 60
1252 3517 1312 3567 art.
1332 3505 1405 3589 36,
1429 3517 1461 3568 et
1480 3506 1567 3590 37).
1598 3508 1665 3570 Ve-

242 3635 308 3677 rum
329 3615 368 3675 oh
387 3617 568 3680 severiorem
585 3612 780 3697 disciplinam
800 3629 853 3677 aut
872 3615 946 3675 alias
966 3615 1056 3676 iustas
1077 3637 1204 3692 causas,
1227 3636 1344 3696 argona
1365 3615 1492 3700 quidem
1511 3638 1576 3679 non
1596 3620 1668 3678 uni·

243 3746 345 3787 versas
358 3725 442 3807 apud
457 3724 598 3786 ecclesias
612 3740 755 3808 usurpata
778 3738 861 3786 sunt.
876 3723 1016 3784 Exulant
1035 3727 1118 3785 enim
1144 3727 1211 3804 ipsa
1231 3746 1248 3786 a
1269 3727 1463 3788 summorum
1484 3724 1669 3788 Pontificum

242 3834 404 3911 Sacrario,
435 3853 452 3894 a
472 3832 666 3912 Lugdunensi
687 3833 743 3893 sub
762 3833 792 3896 S.
812 3834 937 3894 loannis
957 3831 1049 3893 titulo
1069 3833 1218 3914 ecclesia,
1244 3854 1349 3916 quae,
1384 3848 1420 3896 nt
1439 3835 1502 3915 ipse
1521 3834 1669 3898 Batonius

244 3950 309 4020 ait,
339 3946 492 4007 novitates
510 3948 633 4016 nescit,
666 3959 696 4006 et
716 3946 755 4004 ab
775 3945 913 4006 omnibus
933 3946 1130 4006 Moschorum
1151 3943 1311 4023 delubris,
1335 3947 1389 4028 qui
1408 3947 1670 4030 praeceptionibus

244 4059 433 4140 evangelicis
452 4077 572 4137 organa
591 4077 760 4138 repugnare
781 4057 961 4120 existimant.
983 4057 1191 4134 Quorumdam
1211 4071 1364 4140 praeterea
1385 4057 1599 4120 coenobiorum
1619 4080 1671 4122 ec-

246 4172 352 4234 clesiae
372 4171 410 4231 ab
423 4171 539 4250 organis
563 4169 636 4228 item
652 4169 813 4229 abhorrere
835 4143 941 4227 solitae
969 4165 1110 4241 suerunt,
1133 4165 1274 4248 eoquod
1294 4167 1404 4231 horum
1424 4187 1499 4230 sono
1519 4185 1632 4234 mentes
1653 4193 1671 4233 a

244 4304 347 4348 rerum
366 4282 544 4346 coelestium
560 4278 810 4362 contemplatione
830 4279 956 4340 avocari
975 4280 1153 4360 potuissent.

325 4397 409 4457 Haec
428 4393 547 4456 sortasse
567 4393 664 4453 animo
683 4405 821 4475 reputans
840 4389 934 4452 lector
953 4392 983 4450 in
1003 4391 1181 4474 perlegendo
1200 4405 1378 4475 postremam
1401 4395 1558 4478 praesentis
1577 4413 1673 4456 mem-

246 4510 353 4571 branae
373 4507 542 4570 clausulam
562 4507 751 4568 arbitrabitur
771 4505 974 4566 contrahentes
994 4507 1125 4586 cavisse,
1145 4527 1183 4567 ne
1202 4505 1384 4586 dorganio,
1409 4504 1485 4568 idest
1503 4525 1623 4585 organo
1643 4508 1674 4566 in

246 4623 421 4700 ecclesiam,
443 4643 504 4704 qua
524 4620 561 4681 de
582 4621 703 4701 agitur,
726 4620 964 4700 importarentur.
985 4619 1062 4681 cum
1082 4633 1182 4681 tamen
1195 4614 1304 4696 tptaws
1317 4615 1445 4680 addatur
1464 4629 1523 4680 out
1540 4617 1673 4696 lectum,

247 4739 326 4797 etin
345 4736 439 4799 altera
459 4757 496 4798 ex
515 4735 733 4818 insequentibus
753 4734 929 4797 membranis
947 4755 1008 4797 vor
1027 4733 1131 4797 eadem
1150 4735 1306 4813 borgondo
1325 4733 1507 4796 luculentius
1535 4732 1674 4794 denotare

248 4849 384 4910 videatur
403 4851 570 4932 quamlibet
589 4849 828 4933 supellectilem,
858 4871 911 4912 nos
939 4849 1049 4910 idcirco
1073 4848 1218 4910 eredimus
1242 4870 1259 4909 a
1287 4847 1527 4909 contrahentibus
1552 4861 1675 4908 cautum

247 4960 335 5022 luisse
357 4980 394 5022 ne
419 4979 479 5040 qua
509 4959 631 5042 prolana
655 4957 790 5044 supellex
810 4975 862 5022 aut
882 4957 997 5020 lectum
1016 4958 1047 5019 in
1066 4957 1221 5022 ecclesiam
1240 4957 1422 5020 inferrentur.

1262 5067 1281 5112 a
