4616 6532
1333 606 1345 700 l
1376 617 1415 676 ¹⁸
1441 605 1453 699 l

772 771 803 868 †
828 783 916 846 nro
944 781 1124 847 rorrnnno
1141 739 1421 838 oraroro'b‘n‘
1438 771 1588 874 unnim
1604 739 1693 830 'iii
1709 760 1937 867 nostrone
1956 759 1982 823 r
1999 745 2109 828 coro

686 900 765 967 010
782 903 842 965 ne
860 898 1040 965 nnnorn
1064 891 1196 958 rncrt
1217 863 1326 956 cons
1350 891 1411 956 ne
1438 890 1544 954 cono
1565 881 1759 949 cosmon
1783 881 1901 960 nean
1921 871 2018 940 slat
2034 868 2067 963 (r
2081 871 2112 960 r)

781 1013 812 1108 †
835 1019 907 1108 Ego
928 1015 1025 1107 lupus
1048 1011 1133 1082 filius
1157 1008 1282 1081 domini
1304 1004 1450 1100 stephani
1473 1011 1605 1096 rogatus
1628 1024 1648 1069 a
1670 995 1888 1090 suprascripto
1911 991 1981 1062 tbio
1997 999 2030 1063 et
2044 1015 2115 1062 ne-

685 1153 760 1236 pote
784 1141 856 1213 testi
880 1137 1055 1232 subscripsi
1078 1144 1112 1206 et
1134 1133 1351 1227 suprascripto
1373 1129 1492 1201 solidos
1516 1125 1650 1198 traditos
1671 1123 1752 1194 biti.
1779 1119 1810 1214 †

779 1268 810 1362 †
834 1271 907 1361 Ego
933 1264 1103 1359 gregorius
1127 1260 1257 1332 cirrialis
1274 1269 1307 1330 et
1322 1257 1508 1329 scriniarius
1531 1252 1692 1348 complevi
1715 1263 1748 1320 et
1767 1247 1890 1318 absolvi
1906 1247 1980 1340 (tel
2005 1243 2056 1314 die
2081 1251 2118 1313 et

687 1395 863 1468 indictione
887 1399 1065 1464 memorata
1088 1387 1339 1482 quintadecima.

777 2533 841 2616 (rr)
862 2531 1101 2615 subscriptiones
1121 2530 1236 2613 graecis
1250 2528 1379 2611 quidem
1397 2527 1522 2605 litteris,
1537 2525 1641 2586 latinis
1661 2539 1761 2586 antem
1784 2523 1944 2586 vocabulis
1966 2540 2121 2600 exaratae,

693 2661 856 2708 occurrunt
876 2663 1096 2727 saepenumero
1115 2663 1175 2703 uon
1195 2641 1289 2704 modo
1308 2642 1417 2704 nostris
1437 2642 1469 2701 in
1484 2639 1693 2716 membranis,
1717 2657 1829 2698 verum
1854 2650 1884 2698 et
1903 2637 2124 2700 ravennatibus

693 2757 727 2814 in
749 2755 872 2836 papyris
894 2751 978 2836 apud
999 2751 1036 2816 C.
1060 2750 1241 2812 Matinium.
1270 2751 1333 2830 Qui
1354 2750 1414 2811 hoc
1440 2763 1530 2831 pacto
1556 2747 1733 2831 papyraceis
1760 2747 1845 2809 hisce
1875 2747 2125 2830 subscripserunt

695 2866 926 2944 monumentis,
952 2884 1074 2945 graecos
1097 2863 1188 2926 luisse
1207 2865 1271 2946 ipse
1292 2864 1440 2924 Marinius
1460 2863 1647 2930 arbitratur,
1677 2862 1730 2946 qui
1752 2881 1823 2922 cum
1842 2861 2032 2943 graecanicae
2054 2874 2126 2921 tan-

696 2995 763 3042 tum
783 2977 901 3043 litteras
922 2977 1152 3053 addidicissent,
1179 2997 1287 3060 graece
1306 2977 1403 3039 latina
1423 2975 1589 3038 exarabant
1609 2975 1728 3052 verba,
1753 2975 1908 3059 quaesibi
1938 2997 1955 3034 a
1976 2973 2127 3035 tabellio-

698 3093 789 3154 nibus
809 3092 1014 3156 dictabantur.
1036 3089 1064 3150 E
1082 3091 1188 3154 nostris
1206 3110 1278 3152 vero
1298 3089 1556 3171 subscriptionibus
1576 3101 1677 3170 patet,
1702 3085 1784 3168 quod
1803 3087 1854 3148 etsi
1873 3083 2066 3168 neapolitano
2093 3089 2127 3146 in

700 3204 816 3266 ducatu
839 3219 907 3286 post
930 3203 1089 3263 saeculum
1112 3202 1198 3266 Vlll.
1221 3203 1379 3264 barbarica
1404 3200 1491 3262 illius
1522 3201 1591 3264 aevi
1616 3199 1753 3263 latinitas
1783 3201 1885 3283 vigere
1915 3199 2099 3282 occoepisset
2113 3247 2123 3276 ,

698 3339 763 3378 non
790 3336 880 3378 omne
904 3327 1006 3375 tamen
1035 3314 1204 3395 graecitatis
1236 3313 1367 3374 studitam
1400 3313 1472 3374 inde
1502 3333 1622 3396 prorsus
1650 3311 1793 3374 exulavit
1826 3311 1977 3389 Quocirca
2012 3309 2125 3380 ἑλληνι-

697 3425 820 3491 sdrarss
839 3425 1049 3490 lvlartorellins
1068 3428 1101 3487 in
1124 3425 1231 3486 Theca
1250 3425 1426 3486 cammaris
1447 3425 1459 3508 (
1482 3429 1518 3486 Τ.
1539 3428 1589 3486 II.
1608 3446 1635 3484 c.
1657 3429 1696 3485 V.
1713 3434 1795 3505 part.
1817 3429 1857 3486 V.
1878 3427 1891 3508 )
1913 3427 1979 3487 iure
1999 3425 2124 3487 merito-

700 3556 762 3616 que
782 3537 994 3618 opinationem
1015 3535 1147 3616 explosit
1169 3534 1345 3613 Maaochii,
1367 3536 1421 3616 qni
1441 3533 1670 3615 neapolitanum
1688 3534 1909 3597 hellenismum
1930 3534 2052 3597 saeculo
2066 3534 2124 3596 tv.

700 3646 849 3710 radicitus
871 3647 1030 3708 evanuisse
1051 3643 1259 3707 contenderat.-

779 3757 845 3841 (ιο)
866 3759 1032 3827 Formula,
1053 3779 1117 3841 qna
1137 3757 1305 3821 curialibus
1326 3779 1343 3819 a
1364 3759 1491 3820 notariis
1516 3758 1755 3821 absolvebantur
1776 3760 1998 3838 instrumenta,
2021 3761 2127 3824 verbis.

700 3873 855 3951 complevi
874 3883 906 3933 et
921 3871 1042 3933 absolvi
1065 3873 1239 3943 constabat,
1266 3869 1351 3952 quod
1381 3869 1549 3933 verborum
1576 3893 1671 3954 genus
1693 3871 1745 3935 vel
1770 3873 1851 3955 apud
1883 3893 2023 3935 romanos
2054 3873 2127 3933 olim

699 3981 851 4042 sollemne
884 4001 920 4040 ao
940 3979 1045 4061 legum
1065 3983 1245 4043 auctoritate
1266 3980 1382 4043 iussum
1399 3983 1506 4042 extitit.
1528 3983 1629 4063 lpsam
1648 4003 1718 4044 vero
1739 3981 1904 4044 formulam
1925 3985 2050 4045 caeteris
2070 3985 2129 4044 lta-

699 4089 760 4152 liae
774 4088 994 4152 tabellionibus
1007 4089 1192 4151 familiarem
1211 4089 1302 4150 suisse
1321 4102 1468 4151 testantur
1489 4109 1551 4149 non
1572 4089 1664 4152 modo
1685 4111 1857 4176 papyraoea
1876 4091 1957 4174 apud
1969 4091 2129 4155 Maffeium

701 4211 919 4277 monumenta,
941 4200 1156 4263 verumetiam
1176 4198 1348 4281 complures
1368 4197 1453 4282 apud
1473 4202 1675 4263 lvluratorium
1689 4203 1904 4281 membranae,
1927 4223 1982 4265 nec
2001 4223 2063 4262 non
2077 4226 2128 4279 ea,

702 4335 797 4397 quam
816 4316 911 4398 priori
931 4313 1001 4378 loco
1020 4335 1077 4376 nos
1097 4315 1273 4391 attulimus,
1296 4315 1348 4377 ubi
1368 4314 1496 4379 nolanae
1517 4314 1656 4378 ecclesiae
1670 4288 1847 4400 presbyter,
1870 4319 1925 4400 qui
1945 4317 2055 4378 notarii
2078 4319 2130 4377 ri-

703 4447 750 4488 ces
769 4439 950 4506 exceperat,
977 4446 1038 4487 sese
1059 4424 1278 4488 documentum
1297 4425 1495 4507 complevisse
1520 4440 1549 4489 et
1568 4425 1733 4486 absolvisse
1753 4428 1804 4487 ait.
1835 4427 2046 4505 Quamobrem
2065 4425 2129 4488 sor-

702 4537 820 4599 mulam
839 4536 872 4597 id
893 4557 986 4620 genus
1006 4557 1025 4599 a
1044 4535 1208 4599 curialibus
1227 4539 1361 4621 primum
1381 4537 1468 4601 luisse
1488 4534 1653 4600 conflatam
1675 4559 1765 4602 nemo
1791 4539 1916 4622 quidem
1947 4541 2013 4602 iure
2033 4535 2129 4600 adfir-

701 4649 806 4710 mabit.
833 4649 896 4710 Nos
923 4669 1000 4712 vero
1030 4661 1158 4712 caeteras
1184 4668 1307 4732 quoque
1335 4647 1483 4710 formulas
1497 4693 1506 4726 ,
1540 4651 1698 4732 ipsumque
1728 4651 1956 4728 characterem,
1986 4671 2064 4733 qnae
2095 4652 2128 4710 in

702 4763 815 4826 chartis
834 4785 851 4826 a
872 4763 1039 4826 curialibus
1059 4765 1186 4826 exaratis
1206 4777 1393 4839 occurrunt,
1421 4763 1546 4824 minime
1566 4765 1604 4823 ab
1623 4763 1715 4845 ipsis,
1737 4777 1844 4846 utpote
1870 4765 2017 4847 imperitis
2049 4785 2129 4826 cras-

703 4893 795 4955 saque
824 4877 958 4938 minerva
978 4876 1141 4959 praeditis,
1164 4878 1286 4938 inventa
1307 4893 1509 4959 usurpataque
1531 4878 1663 4958 primum
1683 4877 1774 4938 luisse
1795 4878 1926 4940 indubiis
1946 4879 2129 4960 argumentis

705 4985 805 5070 palam
825 4986 922 5050 lacere
943 4984 1109 5072 deinceps,
1132 4987 1185 5048 ubi
1206 4987 1291 5049 locus
1312 4989 1389 5060 erit,
1410 5007 1465 5068 pro
1486 4984 1571 5048 virili
1590 5000 1673 5066 par-te
1693 4987 1879 5050 conabimur.
