<?xml version="1.0" encoding="UTF-8"?>
<!DOCTYPE html PUBLIC "-//W3C//DTD XHTML 1.0 Transitional//EN"
    "http://www.w3.org/TR/xhtml1/DTD/xhtml1-transitional.dtd">
<html xmlns="http://www.w3.org/1999/xhtml" xml:lang="en" lang="en">
 <head>
  <title>
</title>
<meta http-equiv="Content-Type" content="text/html;charset=utf-8" />
  <meta name='ocr-system' content='tesseract 3.04.00' />
  <meta name='ocr-capabilities' content='ocr_page ocr_carea ocr_par ocr_line ocrx_word'/>
</head>
<body>
  <div class='ocr_page' id='page_1' title='image "./monumentaeditaa01napogoog_0127.png"; bbox 0 0 4658 6508; ppageno 0'>
   <div class='ocr_carea' id='block_1_1' title="bbox 888 637 1009 732">
    <p class='ocr_par' dir='ltr' id='par_1_1' title="bbox 888 637 1009 732">
     <span class='ocr_line' id='line_1_1' title="bbox 888 637 1009 732; baseline 0.017 -2"><span class='ocrx_word' id='word_1_1' title='bbox 888 637 1009 732; x_wconf 75' lang='lat'><strong>(⁷¹)</strong></span> 
     </span>
    </p>
   </div>
   <div class='ocr_carea' id='block_1_2' title="bbox 233 799 1665 1410">
    <p class='ocr_par' dir='ltr' id='par_1_2' title="bbox 233 799 1665 1410">
     <span class='ocr_line' id='line_1_2' title="bbox 235 799 1664 892; baseline 0.003 -24"><span class='ocrx_word' id='word_1_2' title='bbox 235 810 356 890; x_wconf 86' lang='lat' dir='ltr'><strong>tegram</strong></span> <span class='ocrx_word' id='word_1_3' title='bbox 381 799 487 892; x_wconf 91' lang='lat' dir='ltr'><strong>portio</strong></span> <span class='ocrx_word' id='word_1_4' title='bbox 511 822 583 871; x_wconf 88' lang='lat' dir='ltr'><strong>mea</strong></span> <span class='ocrx_word' id='word_1_5' title='bbox 607 799 648 873; x_wconf 90' lang='lat' dir='ltr'><strong>de</strong></span> <span class='ocrx_word' id='word_1_6' title='bbox 672 809 887 874; x_wconf 90' lang='lat' dir='ltr'><strong>memoratum</strong></span> <span class='ocrx_word' id='word_1_7' title='bbox 913 811 1059 874; x_wconf 90' lang='lat' dir='ltr'><strong>montem</strong></span> <span class='ocrx_word' id='word_1_8' title='bbox 1083 824 1147 874; x_wconf 88' lang='lat' dir='ltr'><strong>una</strong></span> <span class='ocrx_word' id='word_1_9' title='bbox 1172 825 1248 874; x_wconf 89' lang='lat' dir='ltr'><strong>cum</strong></span> <span class='ocrx_word' id='word_1_10' title='bbox 1275 801 1409 872; x_wconf 92' lang='lat' dir='ltr'><strong>introito</strong></span> <span class='ocrx_word' id='word_1_11' title='bbox 1441 823 1500 874; x_wconf 92' lang='lat' dir='ltr'><strong>suo</strong></span> <span class='ocrx_word' id='word_1_12' title='bbox 1524 809 1555 871; x_wconf 90' lang='lat' dir='ltr'><strong>et</strong></span> <span class='ocrx_word' id='word_1_13' title='bbox 1588 822 1664 872; x_wconf 89' lang='lat' dir='ltr'><strong>curn</strong></span> 
     </span>
     <span class='ocr_line' id='line_1_3' title="bbox 233 923 1664 1023; baseline 0.001 -28"><span class='ocrx_word' id='word_1_14' title='bbox 233 923 382 996; x_wconf 91' lang='lat' dir='ltr'><strong>bolibetis</strong></span> <span class='ocrx_word' id='word_1_15' title='bbox 403 935 435 998; x_wconf 87' lang='lat' dir='ltr'><strong>et</strong></span> <span class='ocrx_word' id='word_1_16' title='bbox 451 937 602 999; x_wconf 86' lang='lat' dir='ltr'><strong>curtanea</strong></span> <span class='ocrx_word' id='word_1_17' title='bbox 620 924 669 1023; x_wconf 86' lang='lat'><strong>(3)</strong></span> <span class='ocrx_word' id='word_1_18' title='bbox 687 939 809 1000; x_wconf 91' lang='lat' dir='ltr'><strong>etcum</strong></span> <span class='ocrx_word' id='word_1_19' title='bbox 825 929 1006 1022; x_wconf 89' lang='lat' dir='ltr'><strong>portionem</strong></span> <span class='ocrx_word' id='word_1_20' title='bbox 1023 931 1063 1000; x_wconf 91' lang='lat' dir='ltr'><strong>de</strong></span> <span class='ocrx_word' id='word_1_21' title='bbox 1080 929 1200 1022; x_wconf 91' lang='lat' dir='ltr'><strong>piscina</strong></span> <span class='ocrx_word' id='word_1_22' title='bbox 1217 943 1341 1002; x_wconf 90' lang='lat' dir='ltr'><strong>etcum</strong></span> <span class='ocrx_word' id='word_1_23' title='bbox 1360 927 1528 999; x_wconf 82' lang='lat' dir='ltr'>arboribus</span> <span class='ocrx_word' id='word_1_24' title='bbox 1546 929 1664 998; x_wconf 90' lang='lat' dir='ltr'><strong>lructi·</strong></span> 
     </span>
     <span class='ocr_line' id='line_1_4' title="bbox 235 1051 1662 1146; baseline 0.002 -26"><span class='ocrx_word' id='word_1_25' title='bbox 235 1051 310 1121; x_wconf 89' lang='lat' dir='ltr'><strong>leris</strong></span> <span class='ocrx_word' id='word_1_26' title='bbox 334 1062 367 1121; x_wconf 90' lang='lat' dir='ltr'><strong>et</strong></span> <span class='ocrx_word' id='word_1_27' title='bbox 390 1053 597 1124; x_wconf 77' lang='lat' dir='ltr'><strong>infructiferis</strong></span> <span class='ocrx_word' id='word_1_28' title='bbox 622 1063 654 1124; x_wconf 91' lang='lat' dir='ltr'><strong>et</strong></span> <span class='ocrx_word' id='word_1_29' title='bbox 677 1054 827 1125; x_wconf 90' lang='lat' dir='ltr'><strong>omnibus</strong></span> <span class='ocrx_word' id='word_1_30' title='bbox 849 1055 911 1124; x_wconf 92' lang='lat' dir='ltr'><strong>sivi</strong></span> <span class='ocrx_word' id='word_1_31' title='bbox 935 1055 1166 1146; x_wconf 91' lang='lat' dir='ltr'><strong>pertinentibus</strong></span> <span class='ocrx_word' id='word_1_32' title='bbox 1190 1080 1208 1124; x_wconf 92' lang='lat' dir='ltr'><strong>a</strong></span> <span class='ocrx_word' id='word_1_33' title='bbox 1233 1079 1285 1126; x_wconf 91' lang='lat' dir='ltr'><strong>me</strong></span> <span class='ocrx_word' id='word_1_34' title='bbox 1310 1055 1402 1124; x_wconf 87' lang='lat' dir='ltr'><strong>vobis</strong></span> <span class='ocrx_word' id='word_1_35' title='bbox 1435 1055 1497 1124; x_wconf 91' lang='lat' dir='ltr'><strong>sint</strong></span> <span class='ocrx_word' id='word_1_36' title='bbox 1529 1077 1662 1125; x_wconf 84' lang='lat' dir='ltr'><strong>venun·</strong></span> 
     </span>
     <span class='ocr_line' id='line_1_5' title="bbox 234 1177 1664 1272; baseline 0.001 -25"><span class='ocrx_word' id='word_1_37' title='bbox 234 1177 346 1247; x_wconf 89' lang='lat' dir='ltr'><strong>datum</strong></span> <span class='ocrx_word' id='word_1_38' title='bbox 371 1189 403 1247; x_wconf 89' lang='lat' dir='ltr'><strong>et</strong></span> <span class='ocrx_word' id='word_1_39' title='bbox 427 1181 581 1250; x_wconf 90' lang='lat' dir='ltr'><strong>traditum</strong></span> <span class='ocrx_word' id='word_1_40' title='bbox 604 1201 676 1249; x_wconf 90' lang='lat' dir='ltr'><strong>mea</strong></span> <span class='ocrx_word' id='word_1_41' title='bbox 700 1177 922 1272; x_wconf 84' lang='lat' dir='ltr'><strong>heredumque</strong></span> <span class='ocrx_word' id='word_1_42' title='bbox 946 1201 1095 1249; x_wconf 91' lang='lat' dir='ltr'><strong>meorum</strong></span> <span class='ocrx_word' id='word_1_43' title='bbox 1115 1180 1187 1250; x_wconf 87' lang='lat' dir='ltr'><strong>vice</strong></span> <span class='ocrx_word' id='word_1_44' title='bbox 1211 1181 1245 1250; x_wconf 94' lang='lat' dir='ltr'><strong>in</strong></span> <span class='ocrx_word' id='word_1_45' title='bbox 1270 1191 1377 1249; x_wconf 87' lang='lat' dir='ltr'><strong>vestra</strong></span> <span class='ocrx_word' id='word_1_46' title='bbox 1400 1191 1579 1250; x_wconf 88' lang='lat' dir='ltr'><strong>memorato</strong></span> <span class='ocrx_word' id='word_1_47' title='bbox 1603 1181 1664 1250; x_wconf 91' lang='lat' dir='ltr'><strong>do-</strong></span> 
     </span>
     <span class='ocr_line' id='line_1_6' title="bbox 236 1303 1665 1410; baseline 0.003 -39"><span class='ocrx_word' id='word_1_48' title='bbox 236 1303 326 1372; x_wconf 92' lang='lat' dir='ltr'><strong>mino</strong></span> <span class='ocrx_word' id='word_1_49' title='bbox 349 1305 518 1376; x_wconf 91' lang='lat' dir='ltr'><strong>benedicto</strong></span> <span class='ocrx_word' id='word_1_50' title='bbox 542 1305 694 1398; x_wconf 90' lang='lat' dir='ltr'><strong>religioso</strong></span> <span class='ocrx_word' id='word_1_51' title='bbox 718 1306 872 1398; x_wconf 85' lang='lat' dir='ltr'><strong>igumeno</strong></span> <span class='ocrx_word' id='word_1_52' title='bbox 892 1307 1093 1399; x_wconf 83' lang='lat' dir='ltr'><strong>posterisque</strong></span> <span class='ocrx_word' id='word_1_53' title='bbox 1118 1307 1231 1376; x_wconf 90' lang='lat' dir='ltr'><strong>vestris</strong></span> <span class='ocrx_word' id='word_1_54' title='bbox 1254 1317 1427 1410; x_wconf 88' lang='lat' dir='ltr'><strong>sanctaque</strong></span> <span class='ocrx_word' id='word_1_55' title='bbox 1452 1319 1557 1378; x_wconf 89' lang='lat' dir='ltr'><strong>vestra</strong></span> <span class='ocrx_word' id='word_1_56' title='bbox 1581 1330 1665 1376; x_wconf 86' lang='lat' dir='ltr'><strong>con-</strong></span> 
     </span>
    </p>
   </div>
   <div class='ocr_carea' id='block_1_3' title="bbox 234 1432 1670 3774">
    <p class='ocr_par' dir='ltr' id='par_1_3' title="bbox 234 1432 1669 3655">
     <span class='ocr_line' id='line_1_7' title="bbox 235 1432 1664 1527; baseline 0.003 -27"><span class='ocrx_word' id='word_1_57' title='bbox 235 1432 456 1522; x_wconf 89' lang='lat' dir='ltr'><strong>gregationem</strong></span> <span class='ocrx_word' id='word_1_58' title='bbox 479 1433 542 1503; x_wconf 91' lang='lat' dir='ltr'><strong>sint</strong></span> <span class='ocrx_word' id='word_1_59' title='bbox 565 1442 756 1526; x_wconf 91' lang='lat' dir='ltr'><strong>potestatem</strong></span> <span class='ocrx_word' id='word_1_60' title='bbox 780 1433 918 1526; x_wconf 75' lang='lat' dir='ltr'>qualiter</span> <span class='ocrx_word' id='word_1_61' title='bbox 934 1433 1052 1504; x_wconf 82' lang='lat' dir='ltr'><strong>exinde</strong></span> <span class='ocrx_word' id='word_1_62' title='bbox 1077 1435 1182 1506; x_wconf 87' lang='lat' dir='ltr'><strong>lacere</strong></span> <span class='ocrx_word' id='word_1_63' title='bbox 1202 1433 1370 1506; x_wconf 88' lang='lat' dir='ltr'><strong>volueritis</strong></span> <span class='ocrx_word' id='word_1_64' title='bbox 1386 1434 1521 1506; x_wconf 83' lang='lat' dir='ltr'><strong>liberam</strong></span> <span class='ocrx_word' id='word_1_65' title='bbox 1537 1459 1664 1527; x_wconf 82' lang='lat' dir='ltr'><strong>semper</strong></span> 
     </span>
     <span class='ocr_line' id='line_1_8' title="bbox 234 1554 1665 1651; baseline 0.005 -28"><span class='ocrx_word' id='word_1_66' title='bbox 234 1554 378 1624; x_wconf 86' lang='lat' dir='ltr'><strong>habeatis</strong></span> <span class='ocrx_word' id='word_1_67' title='bbox 401 1565 613 1646; x_wconf 91' lang='lat' dir='ltr'><strong>potestatem:</strong></span> <span class='ocrx_word' id='word_1_68' title='bbox 641 1567 673 1626; x_wconf 92' lang='lat' dir='ltr'><strong>et</strong></span> <span class='ocrx_word' id='word_1_69' title='bbox 696 1581 803 1651; x_wconf 91' lang='lat' dir='ltr'><strong>neque</strong></span> <span class='ocrx_word' id='word_1_70' title='bbox 828 1583 846 1626; x_wconf 89' lang='lat' dir='ltr'><strong>a</strong></span> <span class='ocrx_word' id='word_1_71' title='bbox 871 1581 924 1630; x_wconf 88' lang='lat' dir='ltr'><strong>me</strong></span> <span class='ocrx_word' id='word_1_72' title='bbox 941 1568 1118 1628; x_wconf 88' lang='lat' dir='ltr'><strong>memorata</strong></span> <span class='ocrx_word' id='word_1_73' title='bbox 1143 1559 1271 1628; x_wconf 85' lang='lat' dir='ltr'><strong>eufimia</strong></span> <span class='ocrx_word' id='word_1_74' title='bbox 1296 1583 1371 1630; x_wconf 87' lang='lat' dir='ltr'><strong>cum</strong></span> <span class='ocrx_word' id='word_1_75' title='bbox 1387 1583 1577 1630; x_wconf 90' lang='lat' dir='ltr'><strong>consensum</strong></span> <span class='ocrx_word' id='word_1_76' title='bbox 1593 1583 1665 1630; x_wconf 90' lang='lat' dir='ltr'><strong>mc·</strong></span> 
     </span>
     <span class='ocr_line' id='line_1_9' title="bbox 236 1681 1666 1782; baseline 0.003 -31"><span class='ocrx_word' id='word_1_77' title='bbox 236 1681 352 1751; x_wconf 92' lang='lat' dir='ltr'><strong>morati</strong></span> <span class='ocrx_word' id='word_1_78' title='bbox 376 1681 524 1753; x_wconf 92' lang='lat' dir='ltr'><strong>iohannis</strong></span> <span class='ocrx_word' id='word_1_79' title='bbox 549 1684 611 1754; x_wconf 88' lang='lat' dir='ltr'><strong>viri</strong></span> <span class='ocrx_word' id='word_1_80' title='bbox 636 1687 700 1756; x_wconf 91' lang='lat' dir='ltr'><strong>mei</strong></span> <span class='ocrx_word' id='word_1_81' title='bbox 724 1709 831 1778; x_wconf 88' lang='lat' dir='ltr'><strong>neque</strong></span> <span class='ocrx_word' id='word_1_82' title='bbox 856 1711 875 1754; x_wconf 91' lang='lat' dir='ltr'><strong>a</strong></span> <span class='ocrx_word' id='word_1_83' title='bbox 898 1687 1015 1756; x_wconf 91' lang='lat' dir='ltr'><strong>nostris</strong></span> <span class='ocrx_word' id='word_1_84' title='bbox 1033 1687 1206 1758; x_wconf 82' lang='lat' dir='ltr'><strong>heredibus</strong></span> <span class='ocrx_word' id='word_1_85' title='bbox 1223 1710 1329 1782; x_wconf 90' lang='lat' dir='ltr'><strong>neque</strong></span> <span class='ocrx_word' id='word_1_86' title='bbox 1354 1689 1480 1759; x_wconf 89' lang='lat' dir='ltr'><strong>anobis</strong></span> <span class='ocrx_word' id='word_1_87' title='bbox 1496 1711 1666 1782; x_wconf 91' lang='lat' dir='ltr'><strong>personam</strong></span> 
     </span>
     <span class='ocr_line' id='line_1_10' title="bbox 235 1807 1660 1907; baseline 0.005 -33"><span class='ocrx_word' id='word_1_88' title='bbox 235 1807 402 1876; x_wconf 89' lang='lat' dir='ltr'><strong>sumissam</strong></span> <span class='ocrx_word' id='word_1_89' title='bbox 426 1808 517 1878; x_wconf 91' lang='lat' dir='ltr'><strong>nullo</strong></span> <span class='ocrx_word' id='word_1_90' title='bbox 541 1817 685 1902; x_wconf 89' lang='lat' dir='ltr'><strong>tempore</strong></span> <span class='ocrx_word' id='word_1_91' title='bbox 712 1833 892 1903; x_wconf 84' lang='lat' dir='ltr'><strong>numquam</strong></span> <span class='ocrx_word' id='word_1_92' title='bbox 916 1811 1031 1880; x_wconf 84' lang='lat' dir='ltr'><strong>exinde</strong></span> <span class='ocrx_word' id='word_1_93' title='bbox 1065 1811 1208 1882; x_wconf 86' lang='lat' dir='ltr'><strong>habeatis</strong></span> <span class='ocrx_word' id='word_1_94' title='bbox 1230 1837 1437 1907; x_wconf 88' lang='lat' dir='ltr'><strong>quacumque</strong></span> <span class='ocrx_word' id='word_1_95' title='bbox 1461 1813 1660 1906; x_wconf 92' lang='lat' dir='ltr'><strong>requesitio-</strong></span> 
     </span>
     <span class='ocr_line' id='line_1_11' title="bbox 235 1936 1666 2032; baseline 0.003 -29"><span class='ocrx_word' id='word_1_96' title='bbox 235 1958 310 2004; x_wconf 89' lang='lat' dir='ltr'><strong>nem</strong></span> <span class='ocrx_word' id='word_1_97' title='bbox 334 1945 390 2004; x_wconf 93' lang='lat' dir='ltr'><strong>aut</strong></span> <span class='ocrx_word' id='word_1_98' title='bbox 413 1936 588 2008; x_wconf 78' lang='lat' dir='ltr'><strong>calumnias</strong></span> <span class='ocrx_word' id='word_1_99' title='bbox 612 1960 718 2030; x_wconf 89' lang='lat' dir='ltr'><strong>neque</strong></span> <span class='ocrx_word' id='word_1_100' title='bbox 743 1961 802 2008; x_wconf 91' lang='lat' dir='ltr'><strong>vos</strong></span> <span class='ocrx_word' id='word_1_101' title='bbox 818 1947 1014 2008; x_wconf 90' lang='lat' dir='ltr'><strong>memoratus</strong></span> <span class='ocrx_word' id='word_1_102' title='bbox 1040 1939 1188 2010; x_wconf 91' lang='lat' dir='ltr'><strong>dominus</strong></span> <span class='ocrx_word' id='word_1_103' title='bbox 1207 1939 1394 2010; x_wconf 91' lang='lat' dir='ltr'><strong>benedictus</strong></span> <span class='ocrx_word' id='word_1_104' title='bbox 1409 1939 1578 2032; x_wconf 89' lang='lat' dir='ltr'><strong>religiosus</strong></span> <span class='ocrx_word' id='word_1_105' title='bbox 1594 1940 1666 2030; x_wconf 92' lang='lat' dir='ltr'><strong>igu-</strong></span> 
     </span>
     <span class='ocr_line' id='line_1_12' title="bbox 236 2067 1666 2159; baseline 0 -25"><span class='ocrx_word' id='word_1_106' title='bbox 236 2088 350 2135; x_wconf 88' lang='lat' dir='ltr'><strong>menus</strong></span> <span class='ocrx_word' id='word_1_107' title='bbox 373 2087 480 2158; x_wconf 91' lang='lat' dir='ltr'><strong>neque</strong></span> <span class='ocrx_word' id='word_1_108' title='bbox 503 2067 637 2158; x_wconf 91' lang='lat' dir='ltr'><strong>posteris</strong></span> <span class='ocrx_word' id='word_1_109' title='bbox 660 2067 783 2135; x_wconf 87' lang='lat' dir='ltr'><strong>vestris.</strong></span> <span class='ocrx_word' id='word_1_110' title='bbox 807 2089 913 2159; x_wconf 92' lang='lat' dir='ltr'><strong>neque</strong></span> <span class='ocrx_word' id='word_1_111' title='bbox 930 2078 1106 2136; x_wconf 90' lang='lat' dir='ltr'><strong>memorata</strong></span> <span class='ocrx_word' id='word_1_112' title='bbox 1125 2077 1230 2136; x_wconf 89' lang='lat' dir='ltr'><strong>sancta</strong></span> <span class='ocrx_word' id='word_1_113' title='bbox 1254 2077 1359 2137; x_wconf 90' lang='lat' dir='ltr'><strong>vestra</strong></span> <span class='ocrx_word' id='word_1_114' title='bbox 1384 2069 1591 2159; x_wconf 89' lang='lat' dir='ltr'><strong>congregatio</strong></span> <span class='ocrx_word' id='word_1_115' title='bbox 1607 2089 1666 2159; x_wconf 90' lang='lat' dir='ltr'><strong>per</strong></span> 
     </span>
     <span class='ocr_line' id='line_1_13' title="bbox 237 2191 1668 2283; baseline 0.003 -23"><span class='ocrx_word' id='word_1_116' title='bbox 237 2193 363 2260; x_wconf 92' lang='lat' dir='ltr'><strong>nullum</strong></span> <span class='ocrx_word' id='word_1_117' title='bbox 380 2193 512 2261; x_wconf 92' lang='lat' dir='ltr'><strong>modum</strong></span> <span class='ocrx_word' id='word_1_118' title='bbox 529 2191 564 2259; x_wconf 94' lang='lat' dir='ltr'><strong>in</strong></span> <span class='ocrx_word' id='word_1_119' title='bbox 580 2200 794 2283; x_wconf 91' lang='lat' dir='ltr'><strong>perpetuum:</strong></span> <span class='ocrx_word' id='word_1_120' title='bbox 821 2192 954 2282; x_wconf 87' lang='lat' dir='ltr'><strong>Insuper</strong></span> <span class='ocrx_word' id='word_1_121' title='bbox 978 2214 1041 2283; x_wconf 87' lang='lat' dir='ltr'><strong>ego</strong></span> <span class='ocrx_word' id='word_1_122' title='bbox 1056 2207 1231 2261; x_wconf 90' lang='lat' dir='ltr'><strong>memorata</strong></span> <span class='ocrx_word' id='word_1_123' title='bbox 1245 2193 1377 2262; x_wconf 85' lang='lat' dir='ltr'><strong>eufimia</strong></span> <span class='ocrx_word' id='word_1_124' title='bbox 1392 2203 1425 2263; x_wconf 92' lang='lat' dir='ltr'><strong>et</strong></span> <span class='ocrx_word' id='word_1_125' title='bbox 1439 2193 1573 2263; x_wconf 90' lang='lat' dir='ltr'><strong>heredes</strong></span> <span class='ocrx_word' id='word_1_126' title='bbox 1589 2195 1668 2264; x_wconf 89' lang='lat' dir='ltr'><strong>meis</strong></span> 
     </span>
     <span class='ocr_line' id='line_1_14' title="bbox 237 2313 1669 2408; baseline 0.002 -26"><span class='ocrx_word' id='word_1_127' title='bbox 237 2313 331 2383; x_wconf 90' lang='lat' dir='ltr'><strong>vovis</strong></span> <span class='ocrx_word' id='word_1_128' title='bbox 355 2315 554 2406; x_wconf 75' lang='lat' dir='ltr'><strong>posterisque</strong></span> <span class='ocrx_word' id='word_1_129' title='bbox 578 2313 692 2384; x_wconf 87' lang='lat' dir='ltr'><strong>vestris</strong></span> <span class='ocrx_word' id='word_1_130' title='bbox 716 2323 888 2406; x_wconf 88' lang='lat' dir='ltr'><strong>sanctaque</strong></span> <span class='ocrx_word' id='word_1_131' title='bbox 912 2323 1018 2382; x_wconf 90' lang='lat' dir='ltr'><strong>vestra</strong></span> <span class='ocrx_word' id='word_1_132' title='bbox 1042 2315 1292 2406; x_wconf 72' lang='lat' dir='ltr'><strong>congregatione</strong></span> <span class='ocrx_word' id='word_1_133' title='bbox 1309 2327 1487 2384; x_wconf 91' lang='lat' dir='ltr'><strong>memorata</strong></span> <span class='ocrx_word' id='word_1_134' title='bbox 1511 2317 1669 2408; x_wconf 88' lang='lat' dir='ltr'><strong>integram</strong></span> 
     </span>
     <span class='ocr_line' id='line_1_15' title="bbox 237 2419 1668 2528; baseline 0.004 -24"><span class='ocrx_word' id='word_1_135' title='bbox 237 2436 421 2528; x_wconf 91' lang='lat' dir='ltr'><strong>portionem</strong></span> <span class='ocrx_word' id='word_1_136' title='bbox 444 2459 549 2504; x_wconf 92' lang='lat' dir='ltr'><strong>meam</strong></span> <span class='ocrx_word' id='word_1_137' title='bbox 573 2435 613 2504; x_wconf 90' lang='lat' dir='ltr'><strong>de</strong></span> <span class='ocrx_word' id='word_1_138' title='bbox 637 2419 852 2504; x_wconf 87' lang='lat' dir='ltr'><strong>memoratum</strong></span> <span class='ocrx_word' id='word_1_139' title='bbox 868 2445 1011 2505; x_wconf 92' lang='lat' dir='ltr'><strong>montem</strong></span> <span class='ocrx_word' id='word_1_140' title='bbox 1036 2435 1076 2504; x_wconf 94' lang='lat' dir='ltr'><strong>ab</strong></span> <span class='ocrx_word' id='word_1_141' title='bbox 1100 2437 1188 2505; x_wconf 93' lang='lat' dir='ltr'><strong>omni</strong></span> <span class='ocrx_word' id='word_1_142' title='bbox 1212 2436 1343 2507; x_wconf 93' lang='lat' dir='ltr'><strong>homine</strong></span> <span class='ocrx_word' id='word_1_143' title='bbox 1368 2445 1524 2508; x_wconf 91' lang='lat' dir='ltr'><strong>antestare</strong></span> <span class='ocrx_word' id='word_1_144' title='bbox 1549 2451 1580 2508; x_wconf 91' lang='lat' dir='ltr'><strong>et</strong></span> <span class='ocrx_word' id='word_1_145' title='bbox 1604 2439 1668 2510; x_wconf 90' lang='lat' dir='ltr'><strong>de-</strong></span> 
     </span>
     <span class='ocr_line' id='line_1_16' title="bbox 237 2557 1668 2652; baseline 0.001 -23"><span class='ocrx_word' id='word_1_146' title='bbox 237 2560 362 2629; x_wconf 80' lang='lat' dir='ltr'><strong>fensare</strong></span> <span class='ocrx_word' id='word_1_147' title='bbox 386 2557 630 2649; x_wconf 68' lang='lat' dir='ltr'><strong>promittimus:</strong></span> <span class='ocrx_word' id='word_1_148' title='bbox 656 2567 789 2649; x_wconf 91' lang='lat' dir='ltr'><strong>propter</strong></span> <span class='ocrx_word' id='word_1_149' title='bbox 811 2557 900 2651; x_wconf 94' lang='lat' dir='ltr'><strong>quod</strong></span> <span class='ocrx_word' id='word_1_150' title='bbox 917 2559 1022 2652; x_wconf 88' lang='lat' dir='ltr'><strong>accepi</strong></span> <span class='ocrx_word' id='word_1_151' title='bbox 1049 2584 1067 2628; x_wconf 88' lang='lat' dir='ltr'><strong>a</strong></span> <span class='ocrx_word' id='word_1_152' title='bbox 1090 2560 1183 2630; x_wconf 90' lang='lat' dir='ltr'><strong>vobis</strong></span> <span class='ocrx_word' id='word_1_153' title='bbox 1197 2561 1327 2630; x_wconf 82' lang='lat' dir='ltr'><strong>exinde:</strong></span> <span class='ocrx_word' id='word_1_154' title='bbox 1349 2561 1429 2630; x_wconf 89' lang='lat' dir='ltr'><strong>idest</strong></span> <span class='ocrx_word' id='word_1_155' title='bbox 1454 2563 1525 2632; x_wconf 94' lang='lat' dir='ltr'><strong>auri</strong></span> <span class='ocrx_word' id='word_1_156' title='bbox 1549 2562 1668 2632; x_wconf 90' lang='lat' dir='ltr'><strong>solidos</strong></span> 
     </span>
     <span class='ocr_line' id='line_1_17' title="bbox 239 2683 1669 2779; baseline 0.002 -24"><span class='ocrx_word' id='word_1_157' title='bbox 239 2695 392 2777; x_wconf 88' lang='lat' dir='ltr'><strong>quattuor</strong></span> <span class='ocrx_word' id='word_1_158' title='bbox 416 2685 597 2778; x_wconf 81' lang='lat' dir='ltr'><strong>bytianteos</strong></span> <span class='ocrx_word' id='word_1_159' title='bbox 622 2692 659 2754; x_wconf 88' lang='lat' dir='ltr'><strong>ut</strong></span> <span class='ocrx_word' id='word_1_160' title='bbox 681 2683 765 2753; x_wconf 91' lang='lat' dir='ltr'><strong>inter</strong></span> <span class='ocrx_word' id='word_1_161' title='bbox 790 2683 884 2753; x_wconf 91' lang='lat' dir='ltr'><strong>nobis</strong></span> <span class='ocrx_word' id='word_1_162' title='bbox 908 2685 1100 2754; x_wconf 90' lang='lat' dir='ltr'><strong>comvenit:</strong></span> <span class='ocrx_word' id='word_1_163' title='bbox 1135 2689 1225 2778; x_wconf 95' lang='lat' dir='ltr'><strong>quod</strong></span> <span class='ocrx_word' id='word_1_164' title='bbox 1249 2687 1391 2758; x_wconf 88' lang='lat' dir='ltr'><strong>sialiter</strong></span> <span class='ocrx_word' id='word_1_165' title='bbox 1419 2687 1604 2779; x_wconf 84' lang='lat' dir='ltr'><strong>provenerit</strong></span> <span class='ocrx_word' id='word_1_166' title='bbox 1629 2689 1669 2758; x_wconf 92' lang='lat' dir='ltr'><strong>de</strong></span> 
     </span>
     <span class='ocr_line' id='line_1_18' title="bbox 238 2810 1669 2906; baseline 0.003 -26"><span class='ocrx_word' id='word_1_167' title='bbox 238 2810 290 2880; x_wconf 88' lang='lat' dir='ltr'><strong>bis</strong></span> <span class='ocrx_word' id='word_1_168' title='bbox 314 2811 464 2880; x_wconf 93' lang='lat' dir='ltr'><strong>omnibus</strong></span> <span class='ocrx_word' id='word_1_169' title='bbox 487 2811 672 2881; x_wconf 90' lang='lat' dir='ltr'><strong>memoratis</strong></span> <span class='ocrx_word' id='word_1_170' title='bbox 696 2821 729 2879; x_wconf 93' lang='lat' dir='ltr'><strong>et</strong></span> <span class='ocrx_word' id='word_1_171' title='bbox 752 2811 786 2879; x_wconf 93' lang='lat' dir='ltr'><strong>in</strong></span> <span class='ocrx_word' id='word_1_172' title='bbox 810 2810 933 2903; x_wconf 92' lang='lat' dir='ltr'><strong>aliquid</strong></span> <span class='ocrx_word' id='word_1_173' title='bbox 956 2811 1119 2881; x_wconf 84' lang='lat' dir='ltr'><strong>offendero</strong></span> <span class='ocrx_word' id='word_1_174' title='bbox 1143 2835 1201 2902; x_wconf 92' lang='lat' dir='ltr'><strong>per</strong></span> <span class='ocrx_word' id='word_1_175' title='bbox 1225 2813 1341 2906; x_wconf 92' lang='lat' dir='ltr'><strong>quovis</strong></span> <span class='ocrx_word' id='word_1_176' title='bbox 1364 2815 1499 2884; x_wconf 89' lang='lat' dir='ltr'><strong>modum</strong></span> <span class='ocrx_word' id='word_1_177' title='bbox 1528 2823 1582 2882; x_wconf 87' lang='lat' dir='ltr'><strong>aut</strong></span> <span class='ocrx_word' id='word_1_178' title='bbox 1606 2837 1669 2885; x_wconf 91' lang='lat' dir='ltr'><strong>su-</strong></span> 
     </span>
     <span class='ocr_line' id='line_1_19' title="bbox 240 2933 1669 3027; baseline 0.003 -27"><span class='ocrx_word' id='word_1_179' title='bbox 240 2933 370 3001; x_wconf 88' lang='lat' dir='ltr'><strong>missam</strong></span> <span class='ocrx_word' id='word_1_180' title='bbox 394 2955 562 3024; x_wconf 90' lang='lat' dir='ltr'><strong>personam</strong></span> <span class='ocrx_word' id='word_1_181' title='bbox 587 2943 665 3003; x_wconf 88' lang='lat' dir='ltr'><strong>tunc</strong></span> <span class='ocrx_word' id='word_1_182' title='bbox 689 2954 848 3024; x_wconf 92' lang='lat' dir='ltr'><strong>compono</strong></span> <span class='ocrx_word' id='word_1_183' title='bbox 874 2957 936 3026; x_wconf 91' lang='lat' dir='ltr'><strong>ego</strong></span> <span class='ocrx_word' id='word_1_184' title='bbox 960 2936 1017 3027; x_wconf 92' lang='lat' dir='ltr'><strong>qui</strong></span> <span class='ocrx_word' id='word_1_185' title='bbox 1040 2959 1134 3026; x_wconf 87' lang='lat' dir='ltr'><strong>supra</strong></span> <span class='ocrx_word' id='word_1_186' title='bbox 1152 2937 1281 3006; x_wconf 85' lang='lat' dir='ltr'><strong>eufimia</strong></span> <span class='ocrx_word' id='word_1_187' title='bbox 1298 2960 1373 3006; x_wconf 93' lang='lat' dir='ltr'><strong>cum</strong></span> <span class='ocrx_word' id='word_1_188' title='bbox 1389 2959 1580 3006; x_wconf 88' lang='lat' dir='ltr'><strong>consensum</strong></span> <span class='ocrx_word' id='word_1_189' title='bbox 1595 2959 1669 3005; x_wconf 92' lang='lat' dir='ltr'><strong>me-</strong></span> 
     </span>
     <span class='ocr_line' id='line_1_20' title="bbox 240 3055 1669 3130; baseline 0 -4"><span class='ocrx_word' id='word_1_190' title='bbox 240 3057 357 3126; x_wconf 89' lang='lat' dir='ltr'><strong>morati</strong></span> <span class='ocrx_word' id='word_1_191' title='bbox 382 3056 530 3126; x_wconf 91' lang='lat' dir='ltr'><strong>iohannis</strong></span> <span class='ocrx_word' id='word_1_192' title='bbox 555 3057 617 3126; x_wconf 92' lang='lat' dir='ltr'><strong>viri</strong></span> <span class='ocrx_word' id='word_1_193' title='bbox 641 3058 715 3127; x_wconf 91' lang='lat' dir='ltr'><strong>mei.</strong></span> <span class='ocrx_word' id='word_1_194' title='bbox 740 3065 772 3126; x_wconf 90' lang='lat' dir='ltr'><strong>et</strong></span> <span class='ocrx_word' id='word_1_195' title='bbox 795 3055 929 3127; x_wconf 88' lang='lat' dir='ltr'><strong>heredes</strong></span> <span class='ocrx_word' id='word_1_196' title='bbox 946 3057 1062 3126; x_wconf 90' lang='lat' dir='ltr'><strong>nostris</strong></span> <span class='ocrx_word' id='word_1_197' title='bbox 1086 3058 1144 3128; x_wconf 94' lang='lat' dir='ltr'><strong>tibi</strong></span> <span class='ocrx_word' id='word_1_198' title='bbox 1160 3070 1339 3129; x_wconf 92' lang='lat' dir='ltr'><strong>memorato</strong></span> <span class='ocrx_word' id='word_1_199' title='bbox 1354 3061 1486 3129; x_wconf 92' lang='lat' dir='ltr'><strong>domino</strong></span> <span class='ocrx_word' id='word_1_200' title='bbox 1501 3059 1669 3130; x_wconf 90' lang='lat' dir='ltr'><strong>benedicto</strong></span> 
     </span>
     <span class='ocr_line' id='line_1_21' title="bbox 240 3183 1668 3278; baseline 0.001 -26"><span class='ocrx_word' id='word_1_201' title='bbox 240 3183 393 3276; x_wconf 91' lang='lat' dir='ltr'><strong>religioso</strong></span> <span class='ocrx_word' id='word_1_202' title='bbox 416 3183 570 3274; x_wconf 85' lang='lat' dir='ltr'><strong>igumeno</strong></span> <span class='ocrx_word' id='word_1_203' title='bbox 587 3183 787 3276; x_wconf 92' lang='lat' dir='ltr'><strong>posterisque</strong></span> <span class='ocrx_word' id='word_1_204' title='bbox 812 3183 875 3253; x_wconf 92' lang='lat' dir='ltr'><strong>tuis</strong></span> <span class='ocrx_word' id='word_1_205' title='bbox 898 3195 1071 3276; x_wconf 86' lang='lat' dir='ltr'><strong>sanctaque</strong></span> <span class='ocrx_word' id='word_1_206' title='bbox 1094 3195 1200 3256; x_wconf 87' lang='lat' dir='ltr'><strong>vestra</strong></span> <span class='ocrx_word' id='word_1_207' title='bbox 1215 3187 1462 3278; x_wconf 83' lang='lat' dir='ltr'><strong>congregatione</strong></span> <span class='ocrx_word' id='word_1_208' title='bbox 1477 3209 1580 3278; x_wconf 92' lang='lat' dir='ltr'><strong>poene</strong></span> <span class='ocrx_word' id='word_1_209' title='bbox 1603 3207 1668 3253; x_wconf 94' lang='lat' dir='ltr'><strong>no-</strong></span> 
     </span>
     <span class='ocr_line' id='line_1_22' title="bbox 241 3307 1669 3405; baseline 0.001 -27"><span class='ocrx_word' id='word_1_210' title='bbox 241 3309 328 3378; x_wconf 90' lang='lat' dir='ltr'><strong>mine</strong></span> <span class='ocrx_word' id='word_1_211' title='bbox 353 3307 424 3378; x_wconf 90' lang='lat' dir='ltr'><strong>anri</strong></span> <span class='ocrx_word' id='word_1_212' title='bbox 447 3307 564 3378; x_wconf 90' lang='lat' dir='ltr'><strong>solidos</strong></span> <span class='ocrx_word' id='word_1_213' title='bbox 589 3307 761 3378; x_wconf 86' lang='lat' dir='ltr'><strong>duodecim</strong></span> <span class='ocrx_word' id='word_1_214' title='bbox 784 3309 991 3402; x_wconf 79' lang='lat' dir='ltr'><strong>bytianteos:</strong></span> <span class='ocrx_word' id='word_1_215' title='bbox 1019 3321 1051 3380; x_wconf 90' lang='lat' dir='ltr'><strong>et</strong></span> <span class='ocrx_word' id='word_1_216' title='bbox 1087 3311 1149 3382; x_wconf 91' lang='lat' dir='ltr'><strong>bec</strong></span> <span class='ocrx_word' id='word_1_217' title='bbox 1181 3312 1323 3382; x_wconf 88' lang='lat' dir='ltr'><strong>venditio</strong></span> <span class='ocrx_word' id='word_1_218' title='bbox 1356 3321 1393 3381; x_wconf 95' lang='lat' dir='ltr'><strong>ut</strong></span> <span class='ocrx_word' id='word_1_219' title='bbox 1432 3335 1528 3405; x_wconf 92' lang='lat' dir='ltr'><strong>super</strong></span> <span class='ocrx_word' id='word_1_220' title='bbox 1551 3312 1669 3403; x_wconf 90' lang='lat' dir='ltr'><strong>legitur</strong></span> 
     </span>
     <span class='ocr_line' id='line_1_23' title="bbox 241 3433 1669 3532; baseline 0.003 -29"><span class='ocrx_word' id='word_1_221' title='bbox 241 3433 283 3504; x_wconf 88' lang='lat' dir='ltr'><strong>sit</strong></span> <span class='ocrx_word' id='word_1_222' title='bbox 306 3433 462 3503; x_wconf 87' lang='lat' dir='ltr'><strong>firmam:</strong></span> <span class='ocrx_word' id='word_1_223' title='bbox 489 3433 606 3526; x_wconf 85' lang='lat' dir='ltr'><strong>scripta</strong></span> <span class='ocrx_word' id='word_1_224' title='bbox 629 3456 687 3526; x_wconf 88' lang='lat' dir='ltr'><strong>per</strong></span> <span class='ocrx_word' id='word_1_225' title='bbox 709 3455 842 3503; x_wconf 91' lang='lat' dir='ltr'><strong>manum</strong></span> <span class='ocrx_word' id='word_1_226' title='bbox 870 3433 997 3505; x_wconf 92' lang='lat' dir='ltr'><strong>leonem</strong></span> <span class='ocrx_word' id='word_1_227' title='bbox 1030 3433 1152 3508; x_wconf 89' lang='lat' dir='ltr'><strong>curiale</strong></span> <span class='ocrx_word' id='word_1_228' title='bbox 1186 3437 1325 3509; x_wconf 90' lang='lat' dir='ltr'><strong>scribere</strong></span> <span class='ocrx_word' id='word_1_229' title='bbox 1349 3438 1462 3532; x_wconf 87' lang='lat' dir='ltr'><strong>rogavi</strong></span> <span class='ocrx_word' id='word_1_230' title='bbox 1486 3439 1538 3509; x_wconf 91' lang='lat' dir='ltr'><strong>die</strong></span> <span class='ocrx_word' id='word_1_231' title='bbox 1562 3448 1594 3508; x_wconf 93' lang='lat' dir='ltr'><strong>et</strong></span> <span class='ocrx_word' id='word_1_232' title='bbox 1617 3440 1669 3508; x_wconf 92' lang='lat' dir='ltr'><strong>in-</strong></span> 
     </span>
     <span class='ocr_line' id='line_1_24' title="bbox 246 3559 791 3655; baseline -0.002 -23"><span class='ocrx_word' id='word_1_233' title='bbox 246 3559 386 3632; x_wconf 86' lang='lat' dir='ltr'><strong>dictione</strong></span> <span class='ocrx_word' id='word_1_234' title='bbox 411 3571 588 3629; x_wconf 85' lang='lat' dir='ltr'><strong>memorata</strong></span> <span class='ocrx_word' id='word_1_235' title='bbox 611 3559 791 3655; x_wconf 89' lang='lat' dir='ltr'><strong>septima†</strong></span> 
     </span>
    </p>

    <p class='ocr_par' dir='ltr' id='par_1_4' title="bbox 340 3678 1670 3774">
     <span class='ocr_line' id='line_1_25' title="bbox 340 3678 1670 3774; baseline 0.003 -24"><span class='ocrx_word' id='word_1_236' title='bbox 340 3678 372 3774; x_wconf 92' lang='lat'>†</span> <span class='ocrx_word' id='word_1_237' title='bbox 394 3680 458 3751; x_wconf 92' lang='lat' dir='ltr'><strong>hoc</strong></span> <span class='ocrx_word' id='word_1_238' title='bbox 473 3683 602 3774; x_wconf 92' lang='lat' dir='ltr'><strong>signum</strong></span> <span class='ocrx_word' id='word_1_239' title='bbox 614 3705 728 3753; x_wconf 90' lang='lat' dir='ltr'><strong>manus</strong></span> <span class='ocrx_word' id='word_1_240' title='bbox 739 3695 916 3755; x_wconf 90' lang='lat' dir='ltr'><strong>memorate</strong></span> <span class='ocrx_word' id='word_1_241' title='bbox 932 3684 1063 3756; x_wconf 89' lang='lat' dir='ltr'><strong>eufimie</strong></span> <span class='ocrx_word' id='word_1_242' title='bbox 1075 3707 1151 3755; x_wconf 90' lang='lat' dir='ltr'><strong>cum</strong></span> <span class='ocrx_word' id='word_1_243' title='bbox 1162 3707 1354 3755; x_wconf 90' lang='lat' dir='ltr'><strong>consensum</strong></span> <span class='ocrx_word' id='word_1_244' title='bbox 1364 3686 1534 3756; x_wconf 88' lang='lat' dir='ltr'><strong>memorati</strong></span> <span class='ocrx_word' id='word_1_245' title='bbox 1549 3685 1670 3755; x_wconf 92' lang='lat' dir='ltr'><strong>iohan-</strong></span> 
     </span>
    </p>
   </div>
   <div class='ocr_carea' id='block_1_4' title="bbox 152 4059 1673 5027">
    <p class='ocr_par' dir='ltr' id='par_1_5' title="bbox 243 4059 1673 4573">
     <span class='ocr_line' id='line_1_26' title="bbox 243 4059 1671 4146; baseline 0.003 -25"><span class='ocrx_word' id='word_1_246' title='bbox 243 4061 481 4143; x_wconf 76' lang='lat' dir='ltr'><strong>appeltirarunt3</strong></span> <span class='ocrx_word' id='word_1_247' title='bbox 503 4061 674 4122; x_wconf 86' lang='lat' dir='ltr'><strong>recentioris</strong></span> <span class='ocrx_word' id='word_1_248' title='bbox 687 4079 762 4119; x_wconf 89' lang='lat' dir='ltr'><strong>vero</strong></span> <span class='ocrx_word' id='word_1_249' title='bbox 779 4059 1024 4121; x_wconf 87' lang='lat' dir='ltr'><strong>nomenclaturae</strong></span> <span class='ocrx_word' id='word_1_250' title='bbox 1046 4081 1164 4120; x_wconf 85' lang='lat' dir='ltr'><strong>causam</strong></span> <span class='ocrx_word' id='word_1_251' title='bbox 1184 4083 1221 4122; x_wconf 82' lang='lat' dir='ltr'><strong>ex</strong></span> <span class='ocrx_word' id='word_1_252' title='bbox 1242 4083 1276 4122; x_wconf 91' lang='lat' dir='ltr'><strong>eo</strong></span> <span class='ocrx_word' id='word_1_253' title='bbox 1297 4065 1477 4146; x_wconf 81' lang='lat' dir='ltr'><strong>repetimus,</strong></span> <span class='ocrx_word' id='word_1_254' title='bbox 1497 4064 1579 4146; x_wconf 91' lang='lat' dir='ltr'><strong>qnod</strong></span> <span class='ocrx_word' id='word_1_255' title='bbox 1601 4085 1671 4125; x_wconf 89' lang='lat' dir='ltr'><strong>cum</strong></span> 
     </span>
     <span class='ocr_line' id='line_1_27' title="bbox 244 4167 1671 4252; baseline 0.004 -23"><span class='ocrx_word' id='word_1_256' title='bbox 244 4167 365 4230; x_wconf 88' lang='lat' dir='ltr'><strong>saeculo</strong></span> <span class='ocrx_word' id='word_1_257' title='bbox 388 4169 457 4228; x_wconf 87' lang='lat' dir='ltr'><strong>Xll.</strong></span> <span class='ocrx_word' id='word_1_258' title='bbox 478 4167 607 4230; x_wconf 85' lang='lat' dir='ltr'><strong>Vesuvii</strong></span> <span class='ocrx_word' id='word_1_259' title='bbox 629 4168 833 4250; x_wconf 88' lang='lat' dir='ltr'><strong>eruptionibus</strong></span> <span class='ocrx_word' id='word_1_260' title='bbox 856 4169 942 4232; x_wconf 87' lang='lat' dir='ltr'><strong>locus</strong></span> <span class='ocrx_word' id='word_1_261' title='bbox 961 4169 1023 4250; x_wconf 92' lang='lat' dir='ltr'><strong>ipse</strong></span> <span class='ocrx_word' id='word_1_262' title='bbox 1039 4169 1243 4252; x_wconf 85' lang='lat' dir='ltr'><strong>pessumdatus</strong></span> <span class='ocrx_word' id='word_1_263' title='bbox 1256 4170 1345 4232; x_wconf 82' lang='lat' dir='ltr'><strong>suerit</strong></span> <span class='ocrx_word' id='word_1_264' title='bbox 1356 4216 1365 4249; x_wconf 88' lang='lat'>,</span> <span class='ocrx_word' id='word_1_265' title='bbox 1388 4177 1434 4235; x_wconf 91' lang='lat' dir='ltr'><strong>uti</strong></span> <span class='ocrx_word' id='word_1_266' title='bbox 1454 4195 1490 4234; x_wconf 83' lang='lat' dir='ltr'><strong>ex</strong></span> <span class='ocrx_word' id='word_1_267' title='bbox 1505 4175 1608 4236; x_wconf 89' lang='lat' dir='ltr'><strong>eodem</strong></span> <span class='ocrx_word' id='word_1_268' title='bbox 1624 4179 1671 4234; x_wconf 91' lang='lat' dir='ltr'><strong>in-</strong></span> 
     </span>
     <span class='ocr_line' id='line_1_28' title="bbox 245 4280 1673 4370; baseline 0.004 -25"><span class='ocrx_word' id='word_1_269' title='bbox 245 4297 407 4345; x_wconf 78' lang='lat' dir='ltr'><strong>strumento</strong></span> <span class='ocrx_word' id='word_1_270' title='bbox 435 4282 490 4342; x_wconf 89' lang='lat' dir='ltr'><strong>sub</strong></span> <span class='ocrx_word' id='word_1_271' title='bbox 520 4283 626 4343; x_wconf 85' lang='lat' dir='ltr'><strong>Ioanne</strong></span> <span class='ocrx_word' id='word_1_272' title='bbox 647 4280 903 4365; x_wconf 83' lang='lat' dir='ltr'><strong>Porphyrogenito</strong></span> <span class='ocrx_word' id='word_1_273' title='bbox 927 4283 1045 4344; x_wconf 88' lang='lat' dir='ltr'><strong>condito</strong></span> <span class='ocrx_word' id='word_1_274' title='bbox 1064 4297 1164 4366; x_wconf 89' lang='lat' dir='ltr'><strong>patet,</strong></span> <span class='ocrx_word' id='word_1_275' title='bbox 1190 4306 1244 4367; x_wconf 87' lang='lat' dir='ltr'><strong>pcr</strong></span> <span class='ocrx_word' id='word_1_276' title='bbox 1270 4287 1405 4367; x_wconf 82' lang='lat' dir='ltr'><strong>sequiora</strong></span> <span class='ocrx_word' id='word_1_277' title='bbox 1432 4300 1564 4370; x_wconf 84' lang='lat' dir='ltr'><strong>tempora</strong></span> <span class='ocrx_word' id='word_1_278' title='bbox 1592 4288 1673 4350; x_wconf 85' lang='lat' dir='ltr'><strong>idern</strong></span> 
     </span>
     <span class='ocr_line' id='line_1_29' title="bbox 245 4393 1673 4480; baseline 0.002 -23"><span class='ocrx_word' id='word_1_279' title='bbox 245 4397 344 4458; x_wconf 87' lang='lat' dir='ltr'><strong>denuo</strong></span> <span class='ocrx_word' id='word_1_280' title='bbox 367 4395 426 4456; x_wconf 89' lang='lat' dir='ltr'><strong>ooli</strong></span> <span class='ocrx_word' id='word_1_281' title='bbox 446 4405 568 4475; x_wconf 86' lang='lat' dir='ltr'><strong>coeptus</strong></span> <span class='ocrx_word' id='word_1_282' title='bbox 588 4393 647 4469; x_wconf 89' lang='lat' dir='ltr'><strong>sit,</strong></span> <span class='ocrx_word' id='word_1_283' title='bbox 682 4407 713 4454; x_wconf 88' lang='lat' dir='ltr'><strong>et</strong></span> <span class='ocrx_word' id='word_1_284' title='bbox 743 4395 873 4458; x_wconf 89' lang='lat' dir='ltr'><strong>novellis</strong></span> <span class='ocrx_word' id='word_1_285' title='bbox 902 4397 1053 4458; x_wconf 88' lang='lat' dir='ltr'><strong>arboribus</strong></span> <span class='ocrx_word' id='word_1_286' title='bbox 1073 4399 1242 4480; x_wconf 90' lang='lat' dir='ltr'><strong>vitibusque</strong></span> <span class='ocrx_word' id='word_1_287' title='bbox 1263 4402 1394 4460; x_wconf 89' lang='lat' dir='ltr'><strong>consitus</strong></span> <span class='ocrx_word' id='word_1_288' title='bbox 1415 4421 1522 4460; x_wconf 89' lang='lat' dir='ltr'><strong>nomen</strong></span> <span class='ocrx_word' id='word_1_289' title='bbox 1543 4402 1597 4460; x_wconf 89' lang='lat' dir='ltr'><strong>sibi</strong></span> <span class='ocrx_word' id='word_1_290' title='bbox 1618 4401 1673 4460; x_wconf 90' lang='lat' dir='ltr'><strong>ad·</strong></span> 
     </span>
     <span class='ocr_line' id='line_1_30' title="bbox 248 4505 578 4573; baseline -0.015 -5"><span class='ocrx_word' id='word_1_291' title='bbox 248 4509 367 4573; x_wconf 87' lang='lat' dir='ltr'><strong>sciverit</strong></span> <span class='ocrx_word' id='word_1_292' title='bbox 388 4507 416 4566; x_wconf 83' lang='lat' dir='ltr'><strong>le</strong></span> <span class='ocrx_word' id='word_1_293' title='bbox 437 4505 578 4566; x_wconf 77' lang='lat' dir='ltr'><strong>Novello.</strong></span> 
     </span>
    </p>

    <p class='ocr_par' dir='ltr' id='par_1_6' title="bbox 152 4611 1673 5027">
     <span class='ocr_line' id='line_1_31' title="bbox 329 4611 1672 4697; baseline 0.001 -23"><span class='ocrx_word' id='word_1_294' title='bbox 329 4615 373 4697; x_wconf 78' lang='lat'><strong>(3)</strong></span> <span class='ocrx_word' id='word_1_295' title='bbox 399 4617 592 4676; x_wconf 69' lang='lat' dir='ltr'><strong>cananeum</strong></span> <span class='ocrx_word' id='word_1_296' title='bbox 612 4612 694 4674; x_wconf 92' lang='lat' dir='ltr'><strong>idem</strong></span> <span class='ocrx_word' id='word_1_297' title='bbox 709 4611 766 4674; x_wconf 88' lang='lat' dir='ltr'><strong>luit</strong></span> <span class='ocrx_word' id='word_1_298' title='bbox 785 4631 819 4672; x_wconf 88' lang='lat' dir='ltr'><strong>ao</strong></span> <span class='ocrx_word' id='word_1_299' title='bbox 839 4615 932 4674; x_wconf 79' lang='lat' dir='ltr'><strong>cortis</strong></span> <span class='ocrx_word' id='word_1_300' title='bbox 959 4615 1023 4677; x_wconf 89' lang='lat' dir='ltr'><strong>sive</strong></span> <span class='ocrx_word' id='word_1_301' title='bbox 1043 4618 1140 4677; x_wconf 75' lang='lat' dir='ltr'><strong>curtis</strong></span> <span class='ocrx_word' id='word_1_302' title='bbox 1151 4661 1160 4693; x_wconf 91' lang='lat'><strong><em>,</em></strong></span> <span class='ocrx_word' id='word_1_303' title='bbox 1183 4637 1290 4697; x_wconf 87' lang='lat' dir='ltr'><strong>nempe</strong></span> <span class='ocrx_word' id='word_1_304' title='bbox 1306 4616 1418 4676; x_wconf 88' lang='lat' dir='ltr'><strong>atrium</strong></span> <span class='ocrx_word' id='word_1_305' title='bbox 1441 4615 1588 4677; x_wconf 88' lang='lat' dir='ltr'><strong>rusticum</strong></span> <span class='ocrx_word' id='word_1_306' title='bbox 1610 4631 1672 4677; x_wconf 89' lang='lat' dir='ltr'><strong>sta-</strong></span> 
     </span>
     <span class='ocr_line' id='line_1_32' title="bbox 249 4723 1672 4811; baseline 0.001 -23"><span class='ocrx_word' id='word_1_307' title='bbox 249 4726 331 4788; x_wconf 85' lang='lat' dir='ltr'><strong>bulis</strong></span> <span class='ocrx_word' id='word_1_308' title='bbox 351 4726 480 4808; x_wconf 88' lang='lat' dir='ltr'><strong>aliisque</strong></span> <span class='ocrx_word' id='word_1_309' title='bbox 500 4723 644 4786; x_wconf 84' lang='lat' dir='ltr'><strong>aediliciis</strong></span> <span class='ocrx_word' id='word_1_310' title='bbox 663 4724 892 4787; x_wconf 87' lang='lat' dir='ltr'><strong>circumdatum.</strong></span> <span class='ocrx_word' id='word_1_311' title='bbox 912 4729 978 4790; x_wconf 85' lang='lat' dir='ltr'><strong>Hac</strong></span> <span class='ocrx_word' id='word_1_312' title='bbox 997 4729 1068 4790; x_wconf 83' lang='lat' dir='ltr'><strong>item</strong></span> <span class='ocrx_word' id='word_1_313' title='bbox 1093 4728 1298 4811; x_wconf 85' lang='lat' dir='ltr'><strong>appellatione</strong></span> <span class='ocrx_word' id='word_1_314' title='bbox 1325 4728 1473 4791; x_wconf 85' lang='lat' dir='ltr'><strong>inferioris</strong></span> <span class='ocrx_word' id='word_1_315' title='bbox 1496 4729 1564 4791; x_wconf 91' lang='lat' dir='ltr'><strong>aevi</strong></span> <span class='ocrx_word' id='word_1_316' title='bbox 1601 4731 1672 4791; x_wconf 80' lang='lat' dir='ltr'><strong>scri-</strong></span> 
     </span>
     <span class='ocr_line' id='line_1_33' title="bbox 249 4831 1673 4919; baseline 0.002 -22"><span class='ocrx_word' id='word_1_317' title='bbox 249 4851 350 4919; x_wconf 85' lang='lat' dir='ltr'><strong>ptores</strong></span> <span class='ocrx_word' id='word_1_318' title='bbox 371 4833 525 4894; x_wconf 89' lang='lat' dir='ltr'><strong>donarnnt</strong></span> <span class='ocrx_word' id='word_1_319' title='bbox 544 4832 656 4895; x_wconf 87' lang='lat' dir='ltr'><strong>villam</strong></span> <span class='ocrx_word' id='word_1_320' title='bbox 678 4832 840 4910; x_wconf 89' lang='lat' dir='ltr'><strong>domibus,</strong></span> <span class='ocrx_word' id='word_1_321' title='bbox 863 4831 978 4896; x_wconf 89' lang='lat' dir='ltr'><strong>colonis</strong></span> <span class='ocrx_word' id='word_1_322' title='bbox 990 4880 1000 4912; x_wconf 91' lang='lat'><strong><em>,</em></strong></span> <span class='ocrx_word' id='word_1_323' title='bbox 1023 4838 1138 4910; x_wconf 85' lang='lat' dir='ltr'><strong>servis,</strong></span> <span class='ocrx_word' id='word_1_324' title='bbox 1157 4836 1287 4918; x_wconf 91' lang='lat' dir='ltr'><strong>aliisque</strong></span> <span class='ocrx_word' id='word_1_325' title='bbox 1312 4838 1401 4900; x_wconf 89' lang='lat' dir='ltr'><strong>rebus</strong></span> <span class='ocrx_word' id='word_1_326' title='bbox 1432 4837 1473 4900; x_wconf 88' lang='lat' dir='ltr'><strong>ad</strong></span> <span class='ocrx_word' id='word_1_327' title='bbox 1495 4839 1673 4900; x_wconf 85' lang='lat' dir='ltr'><strong>rusticorum</strong></span> 
     </span>
     <span class='ocr_line' id='line_1_34' title="bbox 152 4933 1348 5027; baseline 0.001 -19"><span class='ocrx_word' id='word_1_328' title='bbox 152 4933 157 4949; x_wconf 76' lang='lat'>&#39;</span> <span class='ocrx_word' id='word_1_329' title='bbox 251 4943 410 5010; x_wconf 86' lang='lat' dir='ltr'><strong>commoda</strong></span> <span class='ocrx_word' id='word_1_330' title='bbox 430 4945 630 5022; x_wconf 85' lang='lat' dir='ltr'><strong>instructam,</strong></span> <span class='ocrx_word' id='word_1_331' title='bbox 651 4963 729 5027; x_wconf 87' lang='lat' dir='ltr'><strong>qnae</strong></span> <span class='ocrx_word' id='word_1_332' title='bbox 748 4945 873 5006; x_wconf 85' lang='lat' dir='ltr'><strong>colonio</strong></span> <span class='ocrx_word' id='word_1_333' title='bbox 893 4965 1015 5026; x_wconf 87' lang='lat' dir='ltr'><strong>quoque</strong></span> <span class='ocrx_word' id='word_1_334' title='bbox 1037 4947 1163 5009; x_wconf 84' lang='lat' dir='ltr'><strong>vocitari</strong></span> <span class='ocrx_word' id='word_1_335' title='bbox 1184 4949 1348 5010; x_wconf 83' lang='lat' dir='ltr'><strong>consuevit.</strong></span> 
     </span>
    </p>
   </div>
   <div class='ocr_carea' id='block_1_5' title="bbox 0 0 2354 6500">
    <p class='ocr_par' dir='ltr' id='par_1_7' title="bbox 0 0 2354 6500">
     <span class='ocr_line' id='line_1_35' title="bbox 0 0 2354 6500; baseline 0 0"><span class='ocrx_word' id='word_1_336' title='bbox 0 0 2354 6500; x_wconf 95' lang='lat' dir='ltr'><strong> </strong></span> 
     </span>
    </p>
   </div>
  </div>
 </body>
</html>
