4692 6512
881 657 1027 755 (res)

247 811 323 882 stri:
351 813 413 884 alia
437 819 523 888 terra
547 839 612 913 que
635 820 822 892 nominatur
845 829 942 896 centu
964 823 1106 918 pitulum
1129 849 1194 898 una
1210 849 1287 900 cum
1301 831 1466 926 integrum
1486 836 1672 913 intersicum

248 963 345 1014 suum
370 953 403 1014 et
427 941 482 1014 illa
506 941 604 1017 havet
627 945 706 1018 lines
729 947 770 1020 de
793 970 861 1018 uno
884 947 984 1022 latere
1007 961 1094 1022 terra
1117 954 1282 1026 nominate
1314 957 1447 1029 ecclesie
1477 963 1578 1032 sancti
1610 987 1672 1035 ca·
1774 975 1783 998 ⁸

251 1071 344 1142 stresi
364 1070 461 1143 sicuti
483 1072 569 1145 inter
591 1097 626 1146 se
649 1073 782 1169 egripus
801 1077 923 1148 exfinat
945 1087 978 1150 et
995 1103 1036 1150 ex
1053 1079 1118 1151 alio
1140 1081 1240 1154 latere
1262 1095 1349 1157 terra
1372 1087 1458 1158 leoni
1473 1090 1671 1164 larricelum.

250 1203 283 1265 et
307 1197 347 1269 de
370 1195 498 1269 duobus
533 1199 693 1294 capitibus
729 1200 862 1274 coheret
893 1211 979 1276 terra
1014 1205 1173 1275 nominati
1206 1207 1355 1300 stephani
1384 1213 1514 1305 cognati
1551 1223 1583 1284 et
1614 1215 1676 1286 thii

251 1324 375 1394 nostri:
401 1324 534 1398 insimul
557 1327 747 1400 constitutas
771 1329 805 1400 in
828 1329 902 1400 loco
925 1329 983 1426 qui
999 1340 1136 1401 vocatur
1152 1353 1321 1405 maranum
1337 1335 1386 1431 (t)
1402 1361 1467 1410 una
1483 1363 1559 1413 cum
1576 1366 1679 1413 arvo-

250 1449 341 1522 rihus
365 1460 398 1522 et
421 1452 569 1524 introitas
586 1477 697 1526 earum
713 1454 930 1551 omnibusque
953 1459 999 1532 eis
1014 1459 1267 1554 pertinentibus:
1295 1467 1335 1538 de
1351 1467 1470 1561 quibtrs
1486 1469 1568 1540 nihil
1584 1473 1677 1542 nohis

249 1573 338 1648 intus
372 1577 553 1648 nominatas
586 1577 789 1652 coherentias
824 1583 981 1655 remansit
1015 1607 1076 1656 nec
1103 1585 1139 1656 in
1163 1588 1267 1659 aliena
1290 1613 1427 1684 persona
1456 1595 1677 1668 commisimus

250 1713 425 1796 potestate:
452 1703 498 1775 ita
522 1715 560 1777 ut
582 1705 647 1777 hav
672 1706 806 1780 odierna
830 1709 883 1782 die
908 1709 1084 1785 iamdicta
1114 1715 1242 1811 integra
1269 1719 1450 1792 nominatas
1477 1724 1558 1795 duas
1577 1733 1679 1796 terras

252 1851 295 1901 cx
319 1828 440 1922 quibem
463 1853 529 1901 una
552 1854 617 1926 que
641 1843 777 1906 vocatur
800 1843 898 1906 centu
920 1836 1057 1909 maiore.
1083 1847 1116 1911 et
1140 1840 1202 1910 alia
1218 1865 1283 1936 que
1299 1844 1487 1917 nominatur
1507 1857 1604 1920 centu
1619 1850 1678 1942 pi-

251 1954 358 2026 tulum
397 1977 463 2026 una
502 1976 578 2028 cum
617 1957 822 2028 nominatum
862 1958 1027 2054 integrum
1061 1961 1251 2035 intersicum
1286 1987 1384 2038 suum
1420 1970 1609 2042 constitutas
1644 1974 1680 2041 in

252 2081 422 2152 nominato
446 2081 520 2152 loco
543 2083 601 2178 qui
625 2085 812 2155 nominatur
834 2108 1006 2158 maranum
1039 2111 1116 2160 cum
1148 2093 1322 2164 arvorihus
1353 2103 1386 2166 et
1401 2095 1549 2168 introitus
1570 2120 1682 2170 earum

252 2205 468 2299 omnibusque
492 2206 539 2277 eis
573 2207 808 2301 pertinentibus
843 2219 1003 2304 quatenus
1038 2221 1072 2284 et
1105 2235 1165 2306 per
1193 2217 1375 2290 nominatas
1398 2219 1599 2292 coherentias
1623 2222 1683 2292 tibi

253 2358 292 2406 ea
315 2333 568 2406 insinuavimus:
595 2337 635 2408 de
659 2335 779 2432 quihus
803 2337 886 2410 nihil
915 2339 1008 2410 nohis
1031 2339 1119 2412 intus
1145 2345 1327 2418 nominatas
1348 2347 1550 2420 coherentias
1566 2351 1683 2420 exinde

252 2463 409 2534 remansit
431 2464 517 2534 sicut
540 2465 689 2559 superius
712 2466 834 2561 legitur
856 2468 892 2538 in
915 2477 971 2542 tua
996 2467 1128 2565 tuisque
1151 2469 1327 2544 heredibus
1341 2472 1406 2543 sint
1419 2463 1578 2568 potestate
1594 2499 1683 2568 qua-

253 2588 328 2660 liter
353 2587 471 2662 exinde
495 2591 602 2662 lacere
625 2591 816 2664 volueritis:
842 2617 862 2661 a
884 2593 980 2665 nohis
1003 2603 1114 2667 autem
1138 2617 1246 2691 neque
1262 2621 1281 2666 a
1296 2595 1417 2668 nostris
1440 2596 1614 2670 heredibus
1631 2601 1683 2668 vel

336 2951 382 3034 (a)
400 2951 568 3016 Ecclesiam
589 2953 621 3016 S.
641 2953 823 3034 Castrensis,
844 2973 922 3035 quae
941 2953 1065 3016 Marani
1085 2951 1249 3014 hodiedum
1269 2953 1397 3030 visitur,
1420 2966 1450 3014 et
1463 2950 1606 3026 cultum,
1622 2971 1685 3031 quo

255 3082 350 3146 pagus
369 3064 421 3126 hic
440 3063 579 3128 eumdem
599 3065 765 3146 Martyrem
784 3079 961 3143 veneratur,
990 3063 1124 3145 plurima
1143 3075 1291 3125 vetustate
1311 3062 1437 3143 gloriari
1457 3081 1541 3146 posse
1560 3060 1687 3122 ostendit

214 3163 217 3166 ¹
257 3193 288 3239 et
309 3178 541 3240 instrumentum
560 3176 619 3238 hoc
631 3217 641 3250 ‚
662 3189 692 3236 et
712 3173 798 3236 illud
810 3219 820 3252 ‚
848 3177 935 3236 cuius
955 3175 1138 3238 mentionem
1165 3173 1262 3238 habet
1291 3172 1436 3236 Claritius
1468 3173 1481 3256 (
1489 3189 1566 3254 pag.
1588 3170 1646 3232 168
1660 3171 1687 3254 13

256 3309 318 3351 non
338 3290 382 3351 ita
401 3302 522 3366 umen,
545 3301 581 3351 ut
599 3285 651 3349 vel
670 3287 855 3350 Constantini
875 3289 918 3348 M.
938 3307 1013 3349 aevo
1032 3288 1195 3350 Muranum
1215 3300 1391 3349 veneratum
1404 3283 1492 3346 luisse
1506 3286 1538 3348 S.
1552 3285 1691 3348 Castren-

258 3420 321 3462 sem
341 3398 493 3462 adseratur
512 3419 583 3461 cum
604 3411 724 3460 auctore
744 3399 994 3479 Antiquitatum
1014 3400 1178 3460 universae
1203 3398 1402 3480 Campaniae
1426 3397 1544 3458 Felicis
1563 3397 1692 3481 Neapoli

262 3516 339 3577 1826
360 3513 533 3590 editarum,
570 3515 625 3596 qui
644 3513 675 3574 in
695 3511 824 3576 secunda
843 3512 932 3574 huius
951 3512 1047 3595 operis
1067 3525 1152 3595 parte
1181 3511 1194 3592 (
1206 3531 1282 3593 pag.
1296 3509 1370 3594 98)
1398 3528 1506 3592 parum
1535 3507 1691 3592 diligenter

258 3627 399 3712 inspectis
413 3628 491 3691 notis
503 3626 720 3708 chronologicis
734 3625 925 3704 documenti,
946 3629 1029 3688 cuius
1048 3626 1186 3688 meminit
1198 3623 1361 3702 Claritius,
1383 3623 1613 3686 Constantinum
1632 3623 1697 3685 ibis

260 3741 390 3823 perinde
412 3755 503 3824 atque
522 3743 554 3803 in
573 3753 672 3803 nostro
690 3741 750 3802 hoc
773 3740 996 3815 instrumento,
1017 3751 1216 3802 memoratum
1237 3758 1293 3819 pro
1314 3735 1506 3799 Constantino
1525 3735 1570 3798 M.
1584 3752 1693 3818 perpe-

260 3872 327 3913 ram
356 3850 486 3930 habuit,
506 3869 605 3935 neque
630 3851 662 3911 in
675 3863 810 3914 mentem
829 3851 887 3913 sibi
900 3853 982 3916 venit
1000 3852 1088 3915 huius
1102 3853 1292 3936 Imperatoris
1311 3853 1492 3936 temporibus
1508 3853 1695 3916 castrensem

262 3963 399 4026 nondum
417 3965 449 4026 iu
476 3962 582 4026 lucem
599 3960 757 4043 prodiisse.
776 3962 904 4024 Sanctus
925 3961 1051 4044 quidem
1070 3961 1119 4024 hic
1140 3963 1187 4024 vir
1206 3961 1298 4026 simul
1318 3985 1389 4024 cum
1409 3962 1534 4026 undenis
1553 3962 1621 4024 aliis
1634 3965 1697 4045 epi-

263 4077 358 4160 scopis
378 4095 397 4138 a
418 4073 579 4138 Genserico
598 4073 808 4137 vandalorum
827 4076 909 4157 Rege
929 4095 1007 4138 anno
1025 4076 1087 4158 439
1106 4074 1209 4138 Africa
1228 4073 1392 4138 crudeliter
1412 4075 1576 4159 expulsus,
1601 4090 1636 4137 ut
1651 4089 1700 4136 te-

265 4204 378 4251 stantur
400 4189 463 4251 eius
487 4193 558 4249 Acta
585 4187 668 4270 apud
681 4187 901 4251 Theodericum
921 4187 1050 4250 Ruinart
1070 4187 1182 4270 (Hiar.
1202 4199 1357 4268 persecut.
1376 4186 1507 4250 vandal.
1528 4208 1609 4267 pag.
1632 4187 1697 4268 257

264 4297 437 4380 01258),
466 4317 538 4359 cum
562 4317 622 4358 sese
642 4297 675 4356 in
703 4297 897 4379 Campaniam
916 4311 1049 4359 nostram
1069 4295 1266 4376 contulisset,
1288 4317 1427 4362 suessano
1447 4296 1580 4378 quodam
1599 4300 1631 4358 in
1650 4312 1697 4356 tu·

262 4411 350 4493 gnric
380 4407 550 4472 incredibili
569 4407 724 4470 sanctitate
744 4406 898 4488 reliquum
923 4407 1005 4471 vitae
1029 4419 1148 4491 tempus
1172 4409 1279 4491 eregit.
1298 4407 1375 4470 Cum
1395 4407 1536 4471 caelestes
1557 4407 1596 4470 ad
1616 4407 1697 4470 sedes

265 4518 433 4598 evolasset,
459 4519 522 4580 eius
541 4536 651 4600 corpus
670 4518 702 4576 in
721 4513 907 4576 vulturnensi
927 4515 1031 4580 Castro
1051 4515 1208 4599 sepultum
1229 4519 1467 4600 propinquorum
1488 4517 1622 4581 omnium
1643 4539 1696 4600 pa-

266 4651 394 4711 gorum,
416 4650 452 4692 ac
472 4629 633 4714 praecipue
647 4627 763 4688 Marani
783 4626 895 4689 incolas
915 4628 945 4687 in
959 4629 1005 4689 sui
1019 4629 1241 4691 venerationem
1260 4629 1377 4692 excivit.
1399 4632 1467 4712 Ipsa
1481 4650 1570 4714 porro
1589 4627 1699 4706 λείψα-

269 4769 327 4821 να,
350 4743 447 4826 capite
466 4741 589 4825 quidem
609 4753 757 4821 excepto,
784 4738 905 4800 saeculo
925 4739 997 4800 XII.
1018 4738 1120 4801 delata
1142 4739 1263 4803 suerunt
1282 4743 1312 4802 in
1331 4741 1489 4804 ecclesiam
1508 4744 1617 4804 Montis
1637 4745 1698 4804 Re-

270 4855 346 4936 galis
366 4875 459 4938 prope
479 4855 668 4918 Panormum
689 4851 772 4914 iussu
792 4850 959 4914 Guillelmi
983 4851 1024 4912 11.
1052 4851 1172 4916 Siciliae
1193 4854 1304 4934 Regis,
1333 4854 1388 4935 qui
1402 4853 1557 4916 ecclesiam
1577 4853 1699 4915 illama

270 4967 470 5033 fundamentis
490 4969 643 5030 exstruxit.

1315 5085 1356 5144 17
