4616 6532
1524 678 1649 736 XXVII

334 813 678 926 Locupletissima
696 811 865 925 quidem
888 813 1032 902 habita
1049 835 1173 923 sunt,
1204 847 1253 904 ac
1276 823 1425 908 merito
1453 825 1648 910 omnium

223 953 350 1042 laude
393 954 533 1040 adhuc
575 956 841 1042 celebrantur
878 976 1017 1043 nostra
1045 957 1196 1068 Regiae
1225 961 1384 1067 Sidae,
1415 963 1648 1050 Fiscalium

220 1100 457 1186 Rationum
477 1099 710 1203 Gamerae,
743 1097 906 1212 aliaque
939 1129 1023 1184 non
1042 1129 1174 1212 pauca
1204 1103 1264 1186 rei
1283 1103 1476 1215 publicae
1495 1107 1650 1194 Archi·

220 1274 306 1353 va3
334 1275 410 1331 nec
437 1274 561 1357 porro
581 1245 721 1330 minus
749 1245 991 1332 divitiarum
1022 1246 1067 1330 in
1094 1249 1339 1359 pervetustis
1367 1245 1648 1366 complurium

220 1389 530 1474 Coenobiorum
550 1387 762 1472 tabulariis
793 1387 1107 1472 recondebatur.
1140 1389 1306 1476 Verum
1333 1410 1393 1476 tot
1421 1422 1519 1505 opes
1546 1393 1651 1480 deli-

221 1530 430 1612 tescebant
459 1531 587 1612 instar
615 1527 810 1632 ensium,
856 1530 930 1642 qui
964 1558 1184 1642 nunquam
1214 1533 1361 1640 vagina
1402 1532 1647 1622 educantur.

219 1671 429 1772 Quamvis
457 1672 570 1756 enim
589 1671 777 1754 maximo
805 1660 926 1754 nobis
949 1669 1106 1756 honore
1131 1674 1409 1787 prosequendi
1437 1678 1518 1762 sint
1537 1679 1652 1790 Top-

219 1817 343 1927 piru,
374 1815 536 1921 Sicola,
568 1814 886 1902 Chioccarellius
897 1881 910 1922 ,
942 1818 1116 1901 Gattula
1128 1881 1141 1922 ,
1171 1818 1383 1922 Aulisius,
1414 1819 1644 1926 Claritius,

220 1958 374 2070 aliique
402 1959 674 2044 strenuissimi
701 1959 781 2046 viri
793 2024 806 2063 ,
838 1988 942 2071 quos
970 1959 1070 2045 olim
1089 1975 1251 2042 nostrae
1271 1959 1560 2071 diplomaticae
1588 1965 1649 2048 rei

221 2101 469 2186 consuluisse
497 2101 767 2188 inficiandum
796 2129 879 2185 non
908 2121 1000 2207 est,
1033 2131 1180 2186 eorum
1207 2120 1349 2185 tamen
1377 2103 1537 2188 labores
1564 2107 1649 2192 mi-

220 2245 332 2326 nime
360 2241 464 2328 illud
491 2247 802 2358 praestiterunt,
833 2274 918 2356 quo
946 2244 1075 2352 magis
1103 2243 1364 2358 neapolitana
1392 2243 1561 2331 historia
1583 2247 1649 2332 in-

220 2388 396 2499 digebat.
420 2389 586 2474 Horum
615 2389 728 2472 enim
756 2392 968 2474 neminem
997 2388 1052 2472 ad
1080 2408 1239 2474 veteres
1267 2390 1476 2474 chartulas
1494 2419 1647 2503 pervo-

219 2532 409 2618 lutandas
442 2533 611 2646 impulit
639 2551 985 2645 praeconceptum
1007 2533 1150 2616 animo
1169 2531 1385 2616 consilium
1404 2533 1648 2619 universalis

218 2673 436 2758 cuiusdam
454 2671 710 2786 diplornatici
739 2673 889 2757 codicis
912 2703 965 2758 ex
994 2673 1139 2757 iisdem
1159 2671 1430 2781 conficiendi;
1455 2672 1529 2758 sed
1547 2704 1646 2760 cum

217 2845 291 2899 suo
319 2815 496 2928 quisque
515 2815 713 2926 peculiari
741 2814 907 2899 cuidam
928 2817 1044 2930 operi
1071 2813 1355 2900 concinnando
1374 2815 1565 2921 instaret,
1597 2847 1646 2904 ea

216 2955 479 3041 solummodo
498 2955 746 3041 documenta
775 2957 980 3067 expiscari
1007 2986 1057 3042 ac
1085 2955 1207 3040 edere
1225 2955 1414 3062 studuit,
1446 2987 1555 3070 quae
1583 2959 1647 3042 in-

218 3106 373 3188 servire
391 3121 584 3216 poterant
611 3101 874 3186 enucleandis
892 3101 1040 3204 rebus,
1070 3127 1175 3213 quas
1194 3103 1478 3213 unnsquisque
1497 3130 1644 3190 eorum

217 3248 293 3331 sibi
320 3265 606 3360 proposuerat.
637 3248 708 3332 Ex
737 3275 786 3328 eo
814 3275 934 3352 vero,
959 3245 1075 3358 quod
1103 3243 1344 3329 huiusmodi
1372 3243 1502 3328 codex
1531 3245 1647 3361 apud

215 3423 289 3476 nos
317 3391 468 3476 frustra
487 3390 825 3493 desiderabatur,
851 3387 976 3473 fiebat
995 3408 1043 3472 ut
1063 3390 1205 3498 ingens
1223 3385 1436 3502 quoddam
1457 3416 1644 3476 vacuum

215 3541 257 3622 in
286 3537 546 3650 neapolitana
575 3537 745 3622 historia
773 3533 897 3645 vulgo
926 3553 1180 3645 argueretur.

325 3682 383 3762 At
409 3707 631 3792 nunquam
673 3678 802 3786 magis
844 3675 923 3759 hoc
966 3675 1314 3760 animadversum
1356 3677 1466 3780 fuit,
1512 3705 1644 3790 quarn

216 3821 392 3903 abeunte
425 3817 626 3930 superiori
666 3815 858 3919 saeculo,
903 3845 987 3927 quo
1026 3833 1120 3898 tum
1158 3813 1506 3925 Palaeographia,
1551 3834 1645 3900 tum

215 3965 297 4047 Res
325 3962 604 4074 Diplomatica
645 3989 731 4044 non
757 3987 911 4074 paucos
951 3958 1043 4043 heic
1071 3977 1193 4044 nacta
1220 3979 1280 4043 est
1307 3961 1550 4072 praestantis
1577 3962 1645 4046 in-

214 4107 322 4215 genii
350 4105 489 4207 viros,
520 4103 594 4214 qui
621 4120 846 4215 utramque
883 4121 1019 4186 artem
1053 4100 1323 4188 excolendam
1356 4131 1524 4187 summa
1552 4106 1644 4190 ani-

140 4239 143 4247 ’
215 4275 383 4334 morum
402 4244 660 4329 contentione
689 4263 966 4357 susceperunt.
990 4243 1052 4328 Ea
1071 4241 1246 4358 quidem
1265 4263 1508 4357 tempestate
1527 4247 1643 4360 apud

214 4419 287 4476 uos
329 4388 454 4472 simul
494 4415 762 4474 exsurrexere
805 4386 923 4471 alteri
970 4416 1100 4500 prope
1142 4386 1397 4491 Germonii,
1440 4388 1643 4474 nimirum

216 4535 375 4638 Vargas
403 4529 668 4633 Macciuoca,
699 4547 740 4611 et
768 4529 998 4638 Cimaglia,
1029 4528 1110 4612 viri
1138 4528 1324 4641 alioquin
1359 4529 1638 4636 ornatissimi,

215 4675 289 4786 qui
306 4703 392 4758 sese
409 4675 487 4758 Rei
507 4673 810 4784 Diplomaticae
838 4671 973 4758 hostes
1001 4675 1222 4758 acerrimos
1249 4671 1418 4785 professi
1447 4692 1543 4756 sunt
1554 4737 1568 4777 ‚
1599 4693 1641 4758 et

213 4835 261 4899 ut
294 4845 436 4932 sapere
464 4817 733 4922 viderentur,
765 4818 957 4902 universa
987 4817 1215 4930 diplomata
1244 4815 1395 4925 ingenti
1435 4816 1528 4899 nisu
1556 4815 1639 4900 im·

212 4976 378 5071 petere,
410 4985 457 5040 ac
486 4976 705 5072 tamquam
733 4960 991 5072 supposititia
1019 4961 1236 5046 traducere
1255 4977 1295 5042 et
1315 4957 1536 5070 repudiare
1555 4960 1637 5044 rni-

1226 5101 1248 5142 ὑ
