4692 6512
1292 618 1437 720 (tet)

666 793 763 878 atque
786 781 940 860 securiter
955 781 1094 856 habeant
1109 791 1141 860 et
1159 780 1340 878 possideant
1357 779 1430 880 (ιο)
1453 779 1543 876 quod
1563 800 1642 852 vero
1662 790 1852 874 preceptum
1869 784 2088 856 concessionis

667 933 708 982 ex
732 910 872 984 iussione
895 909 1110 1004 suprascripte
1138 909 1304 1004 potestatis
1326 907 1439 1004 scripsi
1457 930 1520 1002 ego
1543 905 1698 979 iohannes
1732 907 1876 978 notanus
1893 909 2030 980 Factum
2046 911 2082 981 in

664 1055 755 1106 sacro
771 1033 843 1128 (lt)
858 1033 1052 1110 salernitano
1076 1033 1208 1132 palatio.
1234 1032 1274 1107 de
1298 1053 1383 1108 anno
1408 1029 1652 1128 quartodecimo
1676 1031 1775 1104 vestri
1799 1029 2007 1125 principatus

663 1743 898 1814 praeponerent,
930 1751 1078 1793 summam
1097 1731 1158 1795 illis
1182 1731 1305 1815 quidem
1331 1731 1561 1795 iurisdictionem
1583 1731 1616 1792 in
1641 1733 1845 1795 universarum
1870 1751 1968 1795 rerum
1988 1734 2088 1797 admi·

662 1843 863 1905 nistrationem
883 1843 1122 1924 demandabant,
1144 1865 1181 1909 ex
1201 1865 1263 1927 quo
1281 1847 1395 1908 sactum
1406 1891 1416 1922 ,
1441 1860 1475 1906 ut
1495 1844 1628 1927 plerique
1654 1845 1781 1910 Comites
1802 1847 2007 1931 ePrincipum
2027 1849 2087 1910 im·

663 1954 744 2033 perio
768 1974 830 2017 sese
857 1956 976 2016 omnino
996 1956 1173 2040 eripuerint,
1193 1971 1222 2016 et
1240 1955 1381 2039 populis,
1402 1977 1477 2040 quos
1495 1956 1639 2038 regendos
1659 1958 1751 2022 sortiti
1770 1954 1909 2034 lucrant,
1930 1977 1983 2021 suo
2003 1977 2089 2040 pror-

662 2085 710 2126 sus
731 2069 851 2130 arbitrio
870 2069 928 2128 sint
947 2067 1097 2132 dominati.
1118 2068 1264 2134 Gastaldii
1283 2092 1355 2134 vero
1379 2073 1517 2157 quamvis
1542 2071 1728 2158 aliquando,
1757 2071 1803 2134 uti
1822 2069 2022 2156 Pellegrinius
2052 2094 2087 2136 ac

662 2179 838 2240 Muratorius
871 2191 1036 2256 testantur,
1069 2192 1171 2242 curtes
1199 2195 1257 2244 aut
1284 2202 1374 2244 cosas
1397 2185 1500 2262 regias
1528 2180 1751 2262 prociderent,
1786 2200 1893 2242 rerum
1921 2181 2089 2260 fixoiium

662 2306 774 2348 curam
788 2287 953 2361 natarent,
973 2305 1072 2354 tamen
1090 2293 1249 2374 praecipue
1268 2292 1349 2354 hisce
1368 2293 1471 2354 nostris
1491 2293 1521 2351 in
1536 2290 1701 2354 Provinciis
1721 2288 1856 2352 iudicum
1876 2311 1984 2352 munus
2004 2313 2088 2354 exer-

662 2398 790 2472 cebant,
810 2417 845 2457 ac
857 2439 866 2471 ,
889 2411 923 2456 ut
943 2399 984 2458 ait
1004 2399 1065 2481 ipse
1093 2401 1293 2477 Muratorius,
1319 2401 1473 2461 iustitiam
1500 2421 1564 2461 non
1590 2399 1630 2464 dc
1656 2399 1803 2464 omm'dtts
1820 2401 1946 2478 causis,
1977 2401 2033 2462 red
2050 2403 2087 2465 de

660 2506 766 2566 litibus
784 2507 830 2567 ad
851 2508 983 2567 Fascum
1002 2528 1041 2567 oc
1063 2509 1252 2590 Principum
1270 2511 1502 2588 patrimonium
1523 2509 1751 2590 pertinentibus
1770 2512 1982 2590 praestabant.
2006 2514 2085 2576 Hinc

660 2637 720 2676 nou
740 2618 851 2677 mnam
870 2619 894 2678 si
914 2630 943 2678 et
969 2617 1026 2678 boc
1045 2632 1142 2680 nostro
1169 2622 1202 2680 in
1228 2617 1414 2702 diplomate,
1447 2633 1477 2681 et
1504 2618 1570 2682 aliis
1593 2616 1857 2701 Langobardorum
1886 2621 1959 2683 actis
1982 2620 2087 2684 eadem

659 2727 776 2789 iudicis
796 2747 868 2790 voce
890 2745 950 2789 non
970 2725 1059 2790 modo
1082 2727 1232 2808 Comites,
1260 2747 1368 2793 verum
1392 2727 1480 2791 etiam
1504 2725 1652 2791 Gastaldii
1670 2725 1835 2792 identidem
1853 2729 1998 2815 appellati
2017 2729 2085 2794 iue-

660 2853 731 2900 rint.

739 2951 804 3034 (ιο)
824 2952 981 3014 Notarium
1001 2953 1059 3014 boc
1075 2953 1294 3038 Praeceptum,
1316 2975 1367 3016 seu
1380 2951 1524 3036 Diploma
1537 2953 1652 3035 regium
1666 2953 1812 3035 scripsisse
1828 2951 1925 3016 vides.
1938 2953 1997 3016 Per
2010 2953 2085 3016 baec

659 3065 757 3148 prima
777 3066 1039 3150 Langobardorum
1059 3081 1194 3150 tempora
1212 3067 1339 3128 notarios
1359 3067 1426 3128 istos
1446 3086 1567 3128 munere
1589 3063 1843 3128 cancellariorum
1864 3063 1982 3130 iunctos
2001 3063 2088 3131 fuisse

659 3182 774 3242 scimus.
798 3181 898 3244 Serius
919 3195 1020 3242 autem
1033 3181 1146 3243 sactum
1166 3194 1225 3251 est,
1239 3195 1274 3241 ut
1287 3177 1471 3244 Cancelleria
1490 3179 1599 3242 horum
1614 3178 1789 3260 Principum
1802 3175 1931 3258 amplior
1944 3179 2084 3258 evaserit,

659 3306 690 3348 et
710 3289 935 3359 Reserandarii,
955 3291 1070 3351 ludices
1081 3338 1091 3368 ,
1116 3289 1318 3372 cappellani,
1341 3289 1453 3372 aliique
1473 3289 1572 3372 magni
1592 3287 1734 3353 officiales
1755 3287 1794 3352 ad
1814 3287 1905 3352 instar
1920 3288 2088 3373 Imperialis

660 3401 866 3462 Cancellariae
886 3423 1013 3464 monere
1035 3401 1289 3465 cancellariorum
1309 3402 1511 3496 fungerentur.

742 3513 771 3593 (r
779 3511 808 3594 1)
828 3509 1055 3578 Usitatissimam
1067 3512 1146 3576 banc
1159 3534 1264 3575 vocem
1280 3512 1372 3574 Sacri
1383 3558 1395 3593 ,
1415 3531 1510 3594 quom
1530 3510 1562 3571 in
1576 3511 1748 3576 huiusmodi
1761 3511 1986 3596 Diplomatibus
2003 3535 2084 3579 sent-

658 3643 712 3704 per
734 3643 806 3685 cum
827 3620 922 3683 altera
943 3623 1068 3686 Palatii
1086 3623 1259 3708 copulatam
1280 3620 1380 3684 videre
1400 3619 1493 3698 licet,
1513 3642 1571 3681 non
1592 3619 1683 3682 modo
1701 3622 1793 3684 Curti
1809 3622 1861 3684 vel
1880 3625 1976 3686 Fisco
1994 3625 2084 3686 Prin·

659 3737 755 3819 cipis,
779 3751 813 3798 nt
833 3735 923 3799 docet
943 3737 1088 3817 Gangins‚
1111 3735 1213 3797 datam
1233 3735 1320 3798 luisse
1342 3737 1561 3818 comperimus,
1581 3734 1634 3796 sed
1654 3733 1777 3796 aedibus
1797 3734 1887 3819 ipsis,
1913 3737 1944 3798 in
1973 3737 2083 3820 quibus

657 3852 799 3933 Princeps
824 3851 1086 3912 commorabatur..
1101 3851 1307 3929 Quamobrem
1336 3847 1418 3910 haud
1447 3848 1653 3932 primigeniam
1672 3847 1760 3910 huius
1786 3849 1866 3910 vocis
1893 3847 2086 3930 significatio-

659 3984 725 4022 nem
741 3965 948 4045 interpretatus
962 3960 1082 4024 videtur
1101 3960 1181 4023 idem
1203 3962 1329 4042 cangius
1337 4003 1346 4035 ,
1369 3978 1440 4020 cum
1460 3979 1527 4019 eam
1542 3959 1705 4018 aerarium
1721 3956 1865 4038 Principis
1878 3957 2084 4041 potiusquam

656 4074 795 4150 Regiam
815 4073 946 4134 domum
967 4094 1004 4134 ex
1024 4074 1144 4154 propria
1164 4069 1372 4154 significatione
1402 4070 1538 4154 primitus
1569 4067 1718 4132 denotasse
1745 4066 1911 4130 crediderit.

739 4186 875 4248 Pristinis
896 4181 1010 4247 mediae
1031 4185 1133 4244 aetatis
1154 4182 1333 4265 temporibus
1354 4201 1424 4242 cum
1444 4181 1576 4264 primum
1597 4180 1769 4244 Gothorum
1782 4179 1876 4260 Reges
1887 4223 1897 4256 ,
1919 4201 1953 4240 ac
1976 4178 2084 4247 deinde

657 4301 755 4382 graeci
780 4301 973 4380 Imperatores
988 4318 1040 4377 per
1054 4297 1242 4377 Catapauos,
1266 4295 1432 4376 strategos,
1448 4295 1608 4370 Patricios‚
1630 4309 1720 4378 atque
1737 4296 1893 4376 Antipatos
1907 4296 1961 4356 bas
1974 4309 2085 4358 normas

659 4409 806 4472 tenuerint
825 4409 977 4487 regiones,
1006 4425 1108 4468 eorum
1128 4403 1289 4488 diplomata
1310 4403 1389 4481 loci,
1419 4403 1470 4464 ubi
1491 4403 1611 4466 condita
1631 4404 1749 4466 lucrant
1760 4447 1770 4480 ,
1798 4405 1977 4466 mentionem
1997 4425 2084 4488 prae-

658 4522 829 4584 seferebant.
850 4519 934 4584 ldem
954 4519 1123 4582 factitatum
1144 4519 1313 4599 accepimus
1332 4514 1518 4598 regnantibus
1538 4513 1758 4600 Langobardis;
1787 4517 1817 4576 in
1837 4537 1966 4600 quorum
1985 4517 2085 4582 Priui-

657 4633 740 4714 legiis
754 4653 788 4693 ac
808 4629 914 4692 litteris
935 4629 1065 4700 Palatii,
1087 4629 1138 4692 nbi
1158 4627 1212 4708 ipsi
1233 4625 1402 4708 degebant,
1424 4645 1531 4686 nomen
1551 4645 1697 4708 apponere
1718 4623 1750 4686 in
1771 4647 1826 4687 usu
1846 4624 1959 4704 fnisse,
1981 4641 2011 4688 et
2028 4627 2086 4688 boc

658 4760 791 4828 nostrum
813 4741 971 4826 diploma,
992 4755 1022 4804 et
1042 4764 1076 4803 ea
1096 4739 1194 4802 adbuc
1214 4737 1373 4802 aGattula
1394 4738 1518 4819 aliisque
1540 4738 1729 4822 scriptoribus
1743 4736 1822 4800 edita
1836 4737 1954 4800 abunde
1967 4737 2086 4818 docent,

659 4854 812 4936 inquibus
831 4853 906 4914 baec
926 4851 1107 4935 plerumque
1128 4850 1217 4914 verba
1240 4849 1409 4933 leguntur:
1432 4852 1558 4912 Actrrm
1579 4849 1753 4913 Beneventi
1780 4850 1819 4912 in
1841 4869 1953 4921 socru,
1976 4850 2030 4913 cel
2050 4855 2087 4914 in

655 4967 847 5044 felicissimo
862 4966 998 5046 palatio.
