4616 6532
871 555 988 650 (¹⁹)

889 845 930 914 v.
957 843 1005 939 (ι)

317 1091 354 1163 lu
373 1095 505 1164 nomine
530 1093 654 1164 domini
675 1093 726 1163 dei
750 1093 917 1164 salvatoris
941 1095 1045 1164 nostri
1062 1094 1156 1164 lbesu
1173 1094 1292 1164 Christi
1310 1095 1490 1189 imperante
1514 1097 1646 1167 domino
1713 1102 1766 1146 ³¹¹·

224 1226 335 1288 nostro
349 1217 559 1288 Constantino
574 1239 686 1307 mopso
701 1218 885 1308 imperatore
900 1241 983 1288 onoc
997 1233 1101 1289 octavo
1116 1219 1182 1287 die.
1198 1268 1206 1285 .
1223 1270 1231 1286 .
1247 1223 1372 1290 measa
1389 1220 1541 1291 februarii
1557 1221 1647 1291 indi·
1699 1202 1781 1262 9¹⁶·

224 1347 329 1414 ctione
344 1355 459 1438 quarta
476 1345 526 1438 (t)
541 1343 669 1437 neapoli
684 1371 693 1414 ι
714 1346 844 1416 Certum
866 1353 914 1416 ost
929 1367 982 1416 me
990 1391 1410 1421 ..................
1418 1350 1649 1444 redemptionis

225 1468 329 1537 anime
353 1489 444 1538 meae
464 1467 574 1538 Offero
598 1477 630 1538 et
653 1467 745 1537 trado
768 1467 804 1537 in
826 1469 1023 1541 monasterio
1045 1471 1148 1540 sancti
1181 1471 1312 1543 martini
1320 1519 1642 1543 .............

228 1641 358 1663 ......
378 1617 451 1665 mea
468 1596 506 1666 do
523 1579 608 1668 terra
632 1619 696 1690 que
720 1605 856 1666 voratur
879 1598 1013 1669 mandre
1037 1607 1070 1668 et
1094 1601 1134 1669 de
1157 1599 1223 1670 sala
1246 1600 1304 1694 qui
1329 1609 1377 1670 est
1400 1600 1492 1670 iuxta
1515 1623 1647 1671 murum

218 1721 380 1808 puplicum
390 1767 1288 1796 ......................................
1315 1750 1478 1796 unacum
1503 1728 1648 1796 introitas

224 1867 296 1914 suas
313 1856 346 1917 et
361 1847 513 1916 omnibus
537 1845 599 1917 sivi
622 1847 857 1940 pcrtinentibus
880 1850 1060 1942 pertinente
1084 1851 1166 1920 mihi
1190 1876 1249 1944 per
1272 1863 1481 1945 parentorum
1498 1877 1647 1924 meorum

225 1973 392 2044 interitum
416 1985 449 2044 et
467 1974 613 2044 chartula
638 1977 819 2046 securitatis
843 1999 936 2070 wem
958 1977 1075 2047 exinde
1099 1978 1259 2070 atpreensi
1283 2003 1301 2046 a
1325 1979 1457 2071 quidem
1467 2027 1569 2046 .....
1586 2029 1643 2058 ,..

224 2097 366 2166 consorti
382 2119 457 2167 meo
480 2121 546 2192 que
569 2108 601 2168 et
623 2099 693 2190 ipsa
716 2098 863 2167 chartula
879 2099 1060 2168 securitatis
1078 2110 1155 2190 aput
1170 2123 1224 2170 me
1241 2100 1322 2172 abeo
1338 2100 1451 2172 abente
1470 2101 1643 2172 insimul..

224 2224 264 2290 ab
279 2247 346 2293 uno
361 2225 460 2295 latere
485 2249 503 2293 a
527 2235 618 2318 parte
634 2225 811 2296 meridiana
827 2235 1025 2296 memoratus
1041 2249 1155 2296 murus
1171 2228 1320 2322 publicus
1344 2237 1376 2300 et
1399 2232 1439 2300 de
1462 2253 1529 2298 uno
1545 2231 1649 2322 capite

223 2373 240 2414 a
258 2357 350 2440 parte
364 2349 497 2418 orientis
513 2349 645 2420 coheret
661 2371 813 2443 campum
828 2350 999 2422 memorati
1016 2351 1203 2422 monasterii
1214 2354 1316 2422 saneti
1335 2354 1466 2422 martini
1482 2355 1536 2446 (3)
1553 2353 1647 2426 sicu-

301 2685 345 2767 (1)
366 2685 521 2767 Specimen
541 2684 715 2744 characteris
735 2682 874 2757 curialis,
905 2684 958 2762 qui
978 2683 1009 2741 in
1027 2683 1084 2741 hac
1113 2683 1283 2740 mcmbrana
1307 2681 1459 2757 occurrit,
1493 2681 1648 2740 exhibetur

221 2799 252 2855 in
272 2799 347 2860 aab.
367 2798 405 2858 ll.
425 2819 454 2856 n.
477 2815 503 2855 1.

302 2907 347 2989 (2)
368 2909 445 2968 Cum
464 2909 497 2968 in
516 2908 576 2968 hac
596 2907 773 2968 membrana
794 2906 1008 2969 Constantinus
1028 2904 1109 2964 solus
1130 2905 1328 2978 nominetur,
1359 2903 1430 2964 hinc
1459 2901 1559 2965 elucet
1580 2926 1647 2966 eam

220 3018 421 3097 conscriptam
442 3016 531 3076 luisse
550 3031 714 3096 antequam
737 3016 795 3076 sibi
810 3015 983 3094 quempiam
1002 3013 1036 3072 in
1050 3015 1178 3096 imperio
1190 3015 1339 3074 sociasset.
1349 3016 1425 3076 Cum
1446 3033 1519 3075 vero
1540 3017 1646 3091 antris,

222 3131 328 3209 quibus
349 3131 412 3209 ipse
432 3126 515 3188 solus
535 3129 702 3208 imperavit
713 3172 723 3203 ,
746 3125 874 3186 indictio
888 3125 941 3187 lV.
961 3126 1055 3186 semel
1075 3124 1238 3204 inciderit,
1262 3125 1466 3209 chronologica
1485 3127 1558 3186 haec
1580 3143 1647 3188 nota

221 3237 422 3296 membranam
443 3236 481 3296 ad
502 3255 612 3294 aunum
635 3237 694 3315 916
716 3233 934 3294 amandandam
954 3253 1015 3293 esse
1036 3235 1118 3294 nobis
1138 3238 1234 3296 suasit.

302 3348 346 3429 (ὅ)
368 3347 414 3409 Dc
435 3349 494 3408 hoc
515 3348 548 3408 S.
563 3349 688 3410 Martini
708 3349 891 3408 monasterio
897 3389 909 3422 ,
930 3366 1081 3430 cum-quo
1097 3346 1175 3408 nihil
1190 3367 1351 3409 commuue
1365 3350 1456 3410 babet
1471 3349 1647 3411 coenobium

218 3458 274 3518 sub
294 3455 432 3517 eiusdem
454 3458 561 3518 Sancti
582 3457 674 3518 titolo
695 3457 728 3516 iu
749 3456 781 3518 S.
801 3453 905 3516 Erami
929 3455 1014 3518 clivo
1037 3454 1194 3516 conditum
1209 3457 1327 3518 saeculo
1342 3458 1418 3518 XIV
1430 3505 1440 3536 ,
1463 3459 1543 3521 nibil
1564 3481 1651 3520 ano-

219 3573 283 3630 stris
303 3571 498 3652 scriptoribus
519 3572 680 3632 memoriae
701 3570 860 3651 proditum
882 3585 935 3630 est.
955 3571 1045 3650 Apud
1065 3569 1236 3652 Eugenium
1268 3569 1394 3653 quidem
1424 3570 1546 3653 (Nap.
1572 3579 1646 3636 Sao.

215 3700 296 3758 pag.
314 3678 399 3761 143)
420 3695 502 3742 extat
522 3683 640 3742 mentio
663 3678 820 3741 cniusdam
843 3677 985 3740 ecclesiae
1003 3680 1034 3740 S.
1054 3681 1203 3754 Martini,
1234 3701 1326 3760 quam
1351 3697 1418 3761 post
1449 3703 1565 3744 annum
1586 3703 1646 3757 402

220 3808 401 3856 exstructam
420 3817 457 3855 ac
476 3794 607 3856 dicatam
626 3797 660 3856 S.
673 3796 807 3856 Martino
826 3794 969 3876 episcopo
983 3793 1137 3854 turonensi
1151 3791 1214 3874 ipse
1227 3789 1369 3852 adversus
1384 3791 1557 3850 Antistitnm
1574 3813 1648 3852 nea-

219 3905 427 3987 politanorum
448 3905 617 3966 chronicon
638 3905 775 3966 ostendit.
796 3906 882 3967 Haec
911 3925 985 3965 vero
1015 3901 1143 3964 ecclesia
1166 3923 1226 3963 non
1247 3900 1338 3962 modo
1362 3901 1459 3963 eidem
1479 3901 1644 3982 Eugeni0‚

218 4037 327 4078 verum
342 4013 432 4076 etiam
447 4017 565 4080 Tutino
584 4016 595 4095 (
612 4016 769 4094 De’chg.
783 4015 818 4074 dt
832 4016 951 4094 Napai.
962 4035 1041 4094 pag.
1055 4026 1091 4083 41
1107 4015 1120 4096 )
1135 4058 1143 4091 ,
1166 4028 1197 4073 ct
1211 4011 1325 4075 Celano
1349 4012 1361 4094 (
1379 4016 1416 4074 Τ.
1431 4017 1460 4072 I.
1477 4033 1553 4095 pag.
1569 4015 1644 4096 118)

218 4126 339 4190 videtur
359 4127 513 4203 extitisse,
536 4125 590 4186 ubi
604 4124 674 4184 dein
699 4125 820 4186 saeculo
840 4124 1161 4186 xutmonasterium
1182 4139 1213 4184 et
1233 4121 1450 4184 ecclesianam
1474 4127 1643 4186 nosocomio

219 4242 273 4302 snb
295 4237 386 4303 titulo
406 4244 437 4300 S.
457 4239 583 4301 Manna
605 4241 704 4300 Pacis
724 4238 845 4300 condita
865 4237 999 4300 luerunt.

297 4353 359 4415 Nos
379 4374 453 4414 vero
474 4351 632 4435 quoddam
655 4355 853 4435 comperimus
872 4355 1110 4414 instrumentum
1140 4373 1214 4415 anno
1239 4370 1315 4430 1227
1346 4353 1575 4436 conscriptum,
1608 4359 1640 4417 in

218 4485 280 4548 quo
300 4479 483 4526 memoratur
503 4464 562 4526 alia
595 4463 723 4527 ecclesia
744 4465 776 4526 S.
796 4467 944 4542 Martini,
978 4485 1058 4547 quae
1095 4463 1208 4527 dicitur
1232 4466 1338 4544 posita
1368 4466 1453 4526 rictus
1476 4487 1539 4527 ane
1561 4469 1642 4530 civi·
1710 4533 1713 4538 ,

217 4593 313 4641 tatem
327 4579 465 4658 neopolis
483 4579 570 4638 intua
590 4586 675 4637 curte
695 4577 814 4644 arciori
824 4586 995 4636 memorate
1009 4578 1137 4637 ecclesie
1158 4576 1170 4654 (
1187 4575 1424 4659 neapolitanae)
1444 4597 1504 4657 que
1525 4587 1570 4638 eat
1586 4581 1641 4638 in-

217 4693 345 4754 terdon
365 4691 619 4774 dicorapublr'ca
638 4709 739 4750 unum
760 4691 819 4769 qui
839 4689 1026 4750 nominatur
1041 4687 1212 4768 frigidum
1231 4699 1262 4749 et
1281 4690 1385 4750 alr'um
1411 4690 1471 4769 qui
1489 4693 1641 4751 nomino-

218 4815 272 4863 tur
289 4803 418 4884 bulgaro
441 4805 541 4865 simul
567 4810 688 4880 regione
717 4821 839 4862 summe
856 4801 968 4881 platee.
988 4799 1105 4862 Eodem
1124 4803 1328 4863 instrumento
1347 4802 1501 4864 mesenus
1522 4822 1639 4883 cogno·

217 4932 321 4980 mento
334 4921 516 4981 buccamele
529 4920 692 5000 presbyter
710 4929 739 4978 et
752 4914 928 4978 cardinatis
948 4912 1081 4996 (nempe
1094 4931 1172 4974 unus
1187 4935 1204 4974 e
1219 4913 1393 4997 canonicis)
1413 4920 1443 4976 S.
1459 4913 1548 4976 Sedis
1561 4935 1640 4977 nea-

1238 5032 1253 5064 ἡ
