4616 6532
1373 619 1467 714 (²)

705 779 759 850 vel
774 779 895 849 colosso
919 775 1032 847 uxoris
1056 775 1125 868 ejus
1149 774 1207 867 qui
1231 774 1362 843 inerunt
1385 771 1569 844 tertiatores
1594 773 1642 868 (t)
1661 795 1850 844 communes
1875 773 1914 843 de
1939 773 2040 842 fundo
2064 795 2146 842 ma-

706 915 836 976 ternum
853 903 913 975 cod
930 911 978 974 est
992 901 1027 970 in
1041 898 1205 970 territorio
1222 897 1296 967 nole
1311 896 1383 965 auri
1400 895 1519 967 solidos
1535 897 1652 990 biginti
1669 909 1822 992 quattuor
1839 897 1903 968 hoc
1919 906 1967 968 est
1977 921 2035 990 per
2051 921 2148 966 una-

710 1055 840 1126 quaque
863 1051 998 1124 persona
1023 1027 1095 1098 auri
1119 1025 1239 1097 solidos
1263 1025 1435 1096 duodecim
1453 1023 1500 1120 (5)
1519 1024 1638 1096 debero
1661 1047 1776 1095 eorum
1792 1023 1877 1094 filius
1901 1023 1960 1117 qui
1982 1025 2049 1094 iam
2072 1025 2145 1094 nati

711 1163 787 1224 sunt
802 1153 862 1222 eod
879 1151 1000 1222 fuerint
1023 1147 1193 1242 adpretiati
1207 1147 1404 1219 metietatem
1427 1147 1568 1241 pretium
1585 1171 1700 1220 eorum
1725 1175 1742 1218 a
1759 1159 1792 1219 te
1808 1148 2027 1243 suprascripta
2050 1161 2146 1244 petro

712 1277 1009 1352 reberentissimum
1039 1275 1275 1347 subdiacunum
1300 1283 1431 1369 posteus
1448 1275 1648 1368 suscepimus
1682 1287 1840 1370 quatenus
1864 1301 1906 1348 av
1935 1277 2068 1348 odierna
2093 1278 2146 1351 die

708 1405 866 1499 quicquid
891 1407 931 1476 de
956 1403 1187 1497 suprascriptas
1210 1425 1363 1496 personas
1386 1403 1439 1472 vel
1463 1402 1521 1496 qui
1545 1404 1585 1474 de
1608 1427 1661 1473 eas
1685 1403 1752 1473 nati
1769 1403 1890 1474 luerint
1913 1405 2018 1476 iacere
2043 1404 2145 1476 iude-

710 1555 848 1626 careque
871 1530 998 1602 volueri
1021 1529 1090 1601 sibe
1114 1541 1151 1600 tu
1173 1530 1227 1601 vel
1250 1530 1308 1624 qui
1332 1539 1461 1624 posteus
1484 1529 1520 1598 in
1543 1539 1601 1599 tuo
1621 1528 1781 1599 honorem
1796 1528 1935 1623 locoque
1952 1532 2143 1601 suecesserit

711 1839 845 1899 evenisse
867 1854 968 1899 tamen
990 1851 1060 1898 ante
1082 1856 1199 1896 annum
1223 1854 1299 1917 1107
1321 1835 1491 1898 coniicimus
1521 1833 1716 1917 epraedieto
1744 1834 1969 1909 instrumento,
2000 1855 2064 1916 quo
2095 1837 2146 1899 SS.

712 1949 867 2011 Theodori
889 1965 920 2011 et
940 1947 1102 2010 Sebastiani
1123 1947 1265 2007 monaehi
1288 1968 1323 2008 eo
1343 1947 1470 2030 quidem
1490 1947 1524 2008 in
1546 1967 1629 2008 anno
1641 1947 1810 2010 Ecclesiam
1829 1947 1883 2009 SS.
1899 1945 1997 2028 Sergii
2017 1961 2046 2008 et
2067 1951 2145 2011 Bac-

711 2062 763 2124 chi
784 2063 909 2124 cuidam
934 2061 1041 2143 Sergio
1064 2060 1103 2122 de
1123 2063 1218 2124 Lucia
1234 2061 1408 2144 presbytero
1428 2074 1647 2124 concesserunt.
1662 2059 1749 2122 Idem
1770 2073 1920 2142 praeterea
1933 2063 1963 2123 S.
1978 2044 2145 2124 Sebastiani

711 2175 927 2238 monasterium
948 2173 1005 2235 sub
1029 2171 1159 2234 Martini
1179 2171 1221 2232 V.
1241 2171 1422 2253 pontificatu
1441 2172 1625 2233 monialibus
1645 2171 1676 2234 S.
1696 2171 1781 2234 Petri
1801 2170 1849 2231 ad
1865 2171 2052 2248 castellum,
2077 2193 2146 2234 cum

713 2304 817 2345 earum
837 2283 1056 2346 monasterium
1078 2281 1110 2342 in
1126 2281 1290 2345 lucullano
1310 2285 1382 2346 item
1401 2296 1501 2344 castro
1522 2284 1657 2366 positum
1680 2280 1838 2345 Catalauni
1854 2279 1994 2344 funditus
2017 2285 2146 2346 evertis-

712 2410 800 2473 sent,
823 2415 1000 2456 concessum
1021 2395 1090 2457 luit.

794 2505 838 2589 (a)
863 2511 1040 2576 Tertiator,
1070 2506 1156 2569 idem
1178 2529 1214 2570 ac
1233 2509 1436 2585 tartaricus,
1458 2508 1522 2570 sive
1548 2507 1701 2582 colonus,
1725 2507 1779 2590 qui
1802 2507 1921 2569 tertiam
1942 2519 2060 2589 partem
2082 2505 2147 2568 sru-

714 2635 821 2684 ctuum
844 2621 969 2685 domino
990 2625 1131 2706 pensitat.

794 2731 839 2814 (5)
861 2733 986 2794 Solr'due
999 2753 1116 2794 aureus
1129 2755 1145 2795 e
1158 2747 1239 2795 sexta
1252 2733 1360 2795 unciae
1373 2747 1457 2815 parte
1473 2732 1645 2806 constabat,
1662 2752 1696 2791 ac
1709 2745 1866 2814 propterea
1875 2734 2045 2815 nuncupari
2060 2733 2146 2793 etiam

713 2839 835 2899 sextula
855 2843 1024 2906 consuevit.
1046 2841 1131 2902 Hinc
1152 2843 1270 2904 duobus
1291 2864 1326 2906 ae
1345 2844 1537 2924 septuaginta
1557 2842 1734 2905 huiusmodi
1755 2841 1862 2903 solidis
1892 2862 1968 2922 opus
1993 2857 2084 2920 erat,
2114 2857 2146 2902 ut

715 2946 785 3006 auri
804 2945 936 3028 obryzi,
957 2947 1076 3012 scilicet
1097 2951 1190 3032 puri,
1212 2949 1292 3012 libra
1313 2951 1501 3030 baberetur,
1530 2949 1616 3034 quod
1645 2973 1718 3014 sane
1739 2972 1804 3012 non
1831 2949 1921 3010 modo
1941 2949 1992 3010 lex
2013 2950 2053 3012 V.
2074 2948 2145 3010 Cod:

715 3057 754 3118 de
775 3070 908 3138 smcept.
931 3072 990 3120 etc:
1013 3079 1124 3123 rerum
1145 3063 1237 3121 etiam
1250 3063 1401 3123 Martinus
1421 3061 1570 3141 Lipenius
1590 3061 1674 3142 apud
1696 3061 1865 3122 Graevium
1887 3061 1953 3142 (T.
1969 3063 2053 3122 XII.
2067 3079 2145 3138 pag.

714 3165 804 3250 507)
828 3169 1007 3226 auctoritate
1034 3168 1155 3226 Volusii
1175 3169 1304 3227 Matiani
1323 3166 1443 3242 fretus,
1464 3183 1494 3228 et
1518 3169 1656 3248 Scaliger
1677 3170 1761 3250 apud
1782 3171 1972 3233 Gronovium
1992 3169 2059 3252 (T.
2081 3172 2145 3230 IX.

710 3303 786 3362 pag.
808 3281 918 3362 1530)
944 3294 1101 3343 testantur.
1122 3280 1278 3342 Extabant
1298 3301 1373 3343 vero
1394 3297 1425 3344 et
1444 3281 1538 3343 solidi
1561 3303 1599 3343 ex
1615 3298 1763 3366 argento,
1787 3304 1917 3367 quorum
1938 3284 2053 3345 vicenis
2076 3301 2145 3366 opus

715 3393 808 3455 fuisse
836 3393 873 3453 ad
905 3409 1078 3475 argenteam
1108 3395 1220 3456 libram
1247 3394 1440 3476 aequandam
1468 3397 1678 3474 Muratorius,
1712 3397 1894 3472 Zanettius‚
1926 3417 1962 3458 nc
1984 3413 2145 3474 anonymus

718 3503 800 3586 apud
823 3504 969 3567 G'desium
991 3505 1047 3590 (de
1068 3526 1101 3568 re
1120 3507 1254 3586 agraria
1267 3527 1344 3587 pag.
1365 3505 1454 3589 322)
1474 3506 1677 3571 tradiderunt
1690 3506 1863 3572 Duodecim
1881 3527 1972 3592 perro
1992 3506 2082 3567 libris
2100 3525 2145 3566 ar·

717 3619 829 3698 genteis
848 3616 1060 3679 aestimabatur
1079 3618 1159 3679 libra
1181 3637 1284 3680 aurea.
1387 3611 1389 3616 ’

796 3730 923 3794 Adbaec
936 3751 1060 3794 aureum
1074 3731 1216 3794 eumdem
1235 3730 1370 3794 solidum
1392 3744 1526 3816 quatuor
1546 3752 1582 3792 ac
1601 3729 1719 3814 viginti
1733 3731 1850 3814 siliquis
1865 3730 1997 3794 ualuisse
2016 3729 2146 3813 prodidit

718 3847 856 3911 Isidorus
870 3849 907 3912 de
921 3849 1109 3932 Originibus.
1122 3849 1265 3912 Claritius
1279 3869 1370 3930 porro
1382 3862 1517 3929 quatuor
1532 3847 1641 3908 tarenis
1655 3845 1870 3928 amalphitanis
1882 3891 1891 3921 ,
1909 3865 2044 3927 quorum
2058 3863 2145 3906 unus-

718 3961 848 4042 quisque
868 3959 966 4022 tribus
986 3980 1023 4020 ac
1043 3959 1152 4020 decem
1171 3960 1273 4040 granis
1294 3973 1326 4018 et
1346 3957 1465 4020 duobus
1478 3955 1614 4018 denariis
1635 3955 1780 4030 valebat,
1801 3971 1831 4018 ct
1845 3957 2034 4018 Muratorins
2046 3957 2145 4016 betru-

717 4089 770 4132 sco
790 4070 903 4132 ilormn
923 4083 1098 4150 venetoque
1114 4067 1243 4130 ducatui
1257 4067 1393 4131 solidum
1406 4067 1550 4130 eumdem
1564 4082 1745 4149 aequarunt.

801 4182 961 4246 Caeterum
983 4202 1040 4264 pro
1069 4195 1242 4264 temporum
1265 4201 1301 4274 aa
1325 4180 1470 4243 siclarum
1502 4180 1648 4243 varietate
1676 4177 1797 4261 pondus
1823 4191 1856 4240 et
1875 4180 2034 4260 integritas
2055 4190 2145 4238 mate·

721 4296 802 4372 riae,
830 4317 867 4358 er
887 4317 949 4378 qua
969 4295 1062 4357 solidi
1087 4293 1323 4373 conflabantur,
1358 4293 1496 4358 diversas
1521 4293 1713 4377 pertulerunt
1735 4294 1967 4354 immutationes.
1988 4294 2072 4355 Hinc
2091 4309 2143 4352 nen

720 4428 784 4469 uno
803 4427 919 4492 semper
937 4409 995 4492 ipsi
1016 4407 1114 4491 pretio
1133 4404 1257 4468 feserunt
1288 4407 1446 4470 aestimati.
1463 4407 1506 4468 Et
1526 4426 1559 4467 re
1579 4403 1704 4488 quidem
1723 4424 1795 4465 vera
1825 4403 1917 4467 solidi
1948 4398 2142 4466 beneventani

721 4541 795 4582 auro
815 4521 917 4582 minus
936 4541 1015 4604 puro
1036 4531 1068 4580 et
1090 4515 1224 4601 pondere
1252 4518 1384 4597 minori,
1409 4539 1503 4602 quam
1518 4515 1860 4599 constantinopolitani,
1882 4515 1990 4598 signati
2002 4529 2076 4575 sunt
2087 4557 2095 4588 ‚
2113 4528 2143 4570 ae

719 4645 878 4716 propterea
896 4653 993 4696 noue
1017 4631 1137 4692 duobus
1157 4643 1187 4692 et
1211 4632 1420 4712 septuaginta,
1452 4649 1561 4692 verum
1581 4649 1619 4690 ex
1639 4629 1793 4710 octoginta
1816 4647 1920 4688 eorum
1933 4627 2013 4690 libra
2034 4638 2143 4690 consta·

720 4743 781 4806 lant.
801 4743 841 4804 ld
862 4764 936 4806 vero
957 4763 993 4804 eo
1013 4741 1109 4823 magis
1130 4741 1201 4803 heic
1223 4740 1529 4813 animadvertendum
1545 4739 1703 4819 duximus,
1724 4739 1808 4822 quod
1822 4739 2021 4822 inpraesenti
2035 4742 2141 4802 instru-

722 4869 825 4917 mento
846 4854 970 4917 condito
989 4853 1046 4914 sub
1067 4851 1221 4936 Gisulpho
1240 4853 1365 4915 minime
1384 4850 1421 4912 de
1439 4850 1546 4913 solidis
1566 4850 1900 4936 consuntinopolitanis
1910 4895 1920 4926 ,
1945 4854 2033 4914 utin
2054 4849 2142 4913 omni·
2256 4907 2257 4926 p

723 4967 781 5028 bus
800 4967 1005 5052 neapolitanis
1024 4967 1161 5038 chartis,
1191 4965 1244 5030 sed
1266 4959 1304 5034 de
1328 4967 1546 5033 beneventanis
1572 4985 1668 5030 sermo
1689 4979 1745 5029 est.
