4692 6512
1312 629 1456 728 (nn)

674 792 736 864 sivi
760 793 903 867 tulerunt
925 792 978 866 uel
1003 791 1186 866 habuerunt
1214 803 1271 866 aut
1296 793 1332 868 in
1358 805 1451 866 antea
1473 793 1617 867 tulerint.
1644 792 1807 886 simulque
1830 800 1863 864 et
1880 789 2100 862 concessimus

675 923 710 994 in
727 923 830 992 codem
846 931 954 992 sancta
971 921 1060 992 sedes
1077 943 1189 993 omnes
1204 923 1302 996 rebus
1318 945 1360 996 ex
1376 930 1591 996 mortuorum.
1609 947 1674 1017 quc
1694 921 1778 992 inlra
1794 922 1891 994 rebus
1908 919 2008 1016 ipsius
2026 921 2094 1014 cpi·

675 1045 776 1140 seopii
801 1055 859 1118 est.
886 1047 939 1122 vel
962 1073 1027 1144 que
1051 1049 1120 1122 eius
1143 1049 1320 1122 monimina
1336 1049 1498 1122 declarant
1512 1050 1572 1147 (6).
1589 1072 1647 1122 seu
1662 1059 1696 1122 et
1709 1048 1738 1121 si
1754 1071 1829 1144 pars
1845 1047 1952 1120 cidem
1968 1047 2100 1144 cpisco-

671 1172 717 1266 pii
740 1173 1011 1271 qualemcumque
1034 1172 1202 1248 bominem
1225 1174 1367 1248 liverum
1389 1172 1631 1252 recollexerint
1652 1173 1711 1268 qui
1735 1194 1802 1246 non
1826 1172 1912 1246 siant
1944 1175 2098 1248 censilem

675 1314 711 1370 ut
737 1302 859 1373 nullam
883 1305 1049 1398 angariam
1068 1311 1125 1374 aut
1140 1302 1303 1376 dationem
1324 1303 1360 1374 in
1381 1305 1526 1396 partibus
1549 1302 1730 1395 reipublice
1755 1301 1876 1374 iaciant
1897 1309 1954 1372 aut
1970 1303 2098 1396 persol-

674 1435 751 1500 vant
780 1428 837 1525 (7).
864 1427 1025 1525 simulque
1049 1439 1082 1502 et
1108 1431 1325 1504 concessimus
1349 1430 1383 1500 in
1400 1433 1512 1504 eadem
1535 1439 1643 1500 sancta
1667 1429 1775 1501 sedem
1799 1449 1930 1502 omnem
1946 1427 2091 1520 portati-

674 2071 842 2155 Principem
861 2087 1045 2157 spectarent,
1066 2076 1176 2136 nemini
1195 2076 1306 2136 rubum
1324 2073 1419 2138 videri
1439 2072 1543 2155 debet,
1566 2079 1589 2139 si
1609 2073 1751 2158 Princeps
1771 2075 1833 2159 ipse
1850 2076 1909 2136 hoc
1923 2071 2088 2157 diplomate

678 2206 724 2248 eas
745 2185 905 2267 Episcopio
926 2183 1026 2244 donat.

757 2298 803 2380 (6)
824 2303 962 2378 Quanam
984 2299 1194 2380 significatione
1215 2297 1401 2383 accipiendae
1421 2301 1503 2362 nobis
1535 2299 1691 2361 videantur
1710 2319 1757 2359 res
1776 2310 1997 2375 marmorum,
2019 2319 2099 2380 qua·

677 2435 745 2473 rum
759 2413 902 2495 pleraque
921 2427 1021 2473 nostra
1042 2416 1305 2474 commeminerunt
1324 2413 1524 2480 documenta,
1541 2413 1644 2495 palam
1654 2411 1778 2473 fecimus
1791 2430 1859 2494 pag.
1869 2415 1909 2474 62
1923 2409 2024 2472 adnot.
2041 2411 2100 2494 (6).

676 2530 752 2588 Heio
773 2548 845 2589 vero
865 2527 1031 2608 Gisulphus
1051 2550 1110 2590 sese
1130 2527 1239 2590 donare
1264 2527 1405 2590 adfirmat
1429 2549 1489 2589 non
1514 2527 1604 2590 modo
1630 2548 1676 2588 res
1696 2538 1918 2606 mor-urorum,
1950 2547 2029 2610 quae
2052 2549 2103 2590 sa·

676 2639 815 2698 lernitani
834 2639 999 2718 episcopii,
1017 2637 1129 2700 scilicet
1148 2636 1320 2720 episcopalis
1340 2637 1503 2699 Cadiedrac
1524 2638 1746 2720 possessionibus
1766 2635 2001 2700 adcensebantur
2012 2679 2021 2710 ,
2045 2659 2101 2698 ve-

672 2769 740 2807 rum
761 2763 791 2808 et
811 2748 939 2829 reliquas
953 2770 1076 2826 omnes,
1099 2770 1174 2830 quas
1194 2752 1261 2809 eius
1274 2749 1455 2809 monimina
1469 2746 1640 2808 declarant.
1660 2747 1776 2810 Vocem
1796 2749 1978 2808 monimina
2000 2770 2090 2808 usur-

674 2874 774 2942 patam
793 2861 860 2924 heic
879 2883 933 2946 pro
953 2863 1155 2923 munimentis
1175 2864 1362 2924 arbitramur.
1384 2864 1448 2924 lloe
1468 2877 1569 2922 autem
1588 2859 1756 2937 vocabulo,
1779 2875 1808 2920 et
1829 2860 1923 2922 altero
1944 2858 2097 2934 adsimili,

674 2995 781 3057 nempe
803 2977 1006 3052 munimina,
1036 2977 1193 3058 significari
1217 2974 1381 3060 aliquando
1412 2989 1627 3037 consueverunt
1647 2974 1874 3054 probationes,
1902 2973 2096 3036 (Ιοσιιηιειιτα

674 3105 703 3149 et
722 3091 915 3171 diplomata,
945 3093 1057 3174 quippe
1086 3113 1164 3172 quae
1188 3092 1326 3153 adversus
1355 3091 1512 3151 bominum
1541 3089 1641 3150 aliena
1665 3090 1871 3171 appetentium
1889 3090 2087 3169 aggressiones

676 3199 796 3282 praedia
817 3222 869 3261 suo
889 3200 985 3262 veluti
1005 3200 1232 3284 propugnaculo
1253 3199 1478 3262 communirent.

759 3312 803 3393 (7)
827 3311 1026 3372 Salcmitanus
1045 3311 1184 3394 Princeps
1208 3313 1266 3371 boe
1287 3309 1451 3393 diplomate
1472 3311 1642 3394 permittere
1664 3310 1740 3370 inter
1763 3308 1823 3371 alia
1844 3308 1977 3379 videtur,
1999 3324 2033 3370 ut
2054 3311 2093 3370 a·-

677 3424 741 3482 beri
760 3421 914 3498 homines,
936 3435 1000 3486 tum
1013 3421 1066 3504 qui
1092 3441 1150 3481 non
1173 3425 1229 3483 sint
1242 3422 1389 3490 censiles,
1412 3436 1477 3483 tum
1491 3421 1544 3504 qui
1561 3421 1639 3496 sint,
1665 3420 1791 3481 melleam
1811 3421 2005 3498 angariam,
2032 3419 2091 3482 hcc

676 3545 718 3593 est
736 3553 856 3614 operam
870 3533 998 3614 eorporis
1023 3533 1137 3594 viribus
1159 3531 1394 3608 absolvendam,
1423 3549 1475 3594 aut
1501 3531 1678 3605 dationem,
1706 3529 1822 3592 scilicet
1848 3529 2017 3611 pecuniae,
2043 3544 2097 3591 aut

677 3643 796 3704 alterius
821 3644 983 3724 cuiuspiam
1006 3644 1047 3702 rei
1065 3645 1310 3726 pensitationem,
1330 3645 1365 3702 in
1379 3641 1522 3722 partibus
1541 3640 1731 3724 reipublicae
1750 3639 1925 3722 αἱίᾳααηιίο
1941 3639 2094 3716 faciant,

676 3769 734 3818 nul
747 3757 935 3837 persolvant.
959 3761 1036 3821 Hine
1053 3757 1221 3836 colligimus
1237 3757 1397 3818 liberorum
1415 3757 1573 3820 hominum
1589 3777 1680 3837 genus
1697 3753 1784 3818 fuisse
1807 3755 1955 3830 censiles,
1971 3774 2006 3814 ac
2022 3773 2092 3836 pro-

677 3885 773 3952 pterea
796 3874 887 3954 magis
910 3874 968 3933 hoc
986 3871 1148 3953 diplomate
1168 3872 1326 3934 adstruitur
1347 3873 1504 3944 sententia,
1525 3893 1616 3953 quam
1632 3870 1669 3932 de
1688 3871 1853 3932 consilium
1870 3867 2040 3931 conditione
2056 3888 2095 3929 ex

677 3987 838 4046 bluratoiio
861 3985 1013 4047 attulimus
1037 4005 1103 4068 pag.
1130 3987 1186 4047 133
1207 3984 1305 4046 adnot.
1328 3984 1379 4069 (2).
1402 3986 1447 4047 Ut
1467 4002 1568 4046 autem
1585 3983 1754 4045 huiusmodi
1774 3983 1937 4044 enimcum
1957 3981 2090 4044 conditio

678 4100 769 4178 iringis
791 4101 942 4182 magisque
963 4100 1096 4174 eluceat,
1118 4100 1268 4160 consulere
1292 4101 1380 4161 ctiam
1404 4096 1534 4182 proderit
1548 4119 1624 4181 quac
1637 4098 1780 4178 penitiore
1798 4095 1953 4170 doctrina,
1980 4117 2015 4155 ac
2041 4113 2100 4152 non

680 4206 795 4284 vulgari
822 4209 978 4286 sagacitate
999 4207 1035 4268 de
1056 4207 1237 4269 Libellariia
1261 4209 1429 4270 enucleavit
1452 4207 1574 4271 Carolus
1597 4207 1700 4289 Tropa
1729 4208 1863 4291 (Storin
1888 4205 2023 4268 d'lmtia
2049 4204 2102 4265 det

681 4314 791 4375 Medio
810 4318 879 4374 Evo
894 4316 954 4375 mol.
973 4319 1003 4376 l.
1015 4325 1103 4398 part.
1122 4319 1163 4376 V.
1179 4315 1209 4397 §.
1233 4319 1316 4378 CIV.
1342 4320 1542 4381 CXXXIX.
1567 4330 1596 4378 et
1622 4320 1817 4382 CLXXXI.
1838 4319 1850 4402 )

759 4424 915 4484 Vocabula
934 4447 1004 4486 vcro
1028 4428 1064 4486 in
1080 4427 1223 4506 partibus
1242 4428 1444 4507 reipublicae,
1471 4450 1546 4510 (puae
1570 4451 1629 4490 mm
1653 4429 1742 4491 modo
1764 4431 1794 4488 in
1811 4431 1979 4512 praesenti,
1994 4449 2101 4490 verum

675 4549 704 4597 ct
723 4538 753 4598 in
777 4536 978 4618 compluribus
1002 4538 1068 4598 aliis
1086 4538 1336 4620 langobardorum
1357 4542 1528 4625 Principum
1543 4541 1715 4623 diplomatis
1732 4557 1908 4618 occurrunt,
1939 4563 2000 4604 non
2013 4539 2097 4604 aliud

678 4649 828 4712 denotasse
854 4672 945 4732 quam
972 4650 1118 4734 Principis
1144 4653 1282 4728 Fiscum,
1299 4653 1422 4738 perinde
1437 4676 1471 4718 ac
1485 4657 1575 4717 verba
1586 4653 1716 4733 publica
1731 4665 1882 4735 potestas,
1903 4653 1941 4714 de
1951 4651 2101 4733 publico,

680 4775 708 4820 et
724 4781 800 4838 pars
814 4761 968 4840 publiea,
993 4761 1030 4822 de
1056 4763 1162 4844 quibus
1181 4763 1275 4824 locuti
1299 4786 1354 4825 nos
1378 4785 1478 4826 sumus
1500 4784 1568 4847 pag.
1592 4782 1647 4825 121
1676 4762 1775 4824 adnot
1795 4763 1865 4844 (3),
1892 4765 1955 4825 susc
1973 4759 2106 4825 ostendit

684 4873 857 4934 blaratorius
872 4875 883 4954 (
896 4876 1059 4934 Dissertat.
1076 4875 1211 4935 XVIII.
1226 4874 1249 4955 ).
1266 4876 1377 4936 Utnun
1392 4896 1479 4958 porro
1500 4877 1530 4935 in
1550 4875 1671 4936 urbibus
1689 4873 1951 4956 Langobardorum
1963 4873 2103 4936 domina·

685 4983 757 5042 tioni
786 4983 906 5047 subditis
935 4987 1062 5046 extiterit
1088 4985 1167 5046 illud
1193 4985 1388 5067 Reipublicae
1419 5007 1533 5068 genus,
1560 4986 1641 5070 quod
1669 4985 1742 5048 clim
1769 4986 1851 5068 apud
1875 4985 2023 5048 Romanos
2048 4984 2109 5048 suit
