4616 6532
671 571 808 632 XXVIII

673 724 803 836 nime⁸
816 719 1074 804 dubitarunt.
1107 715 1173 802 Ex
1203 713 1311 799 bello
1340 729 1511 817 tamen,
1543 708 1654 823 quod
1687 706 1816 795 iidem
1837 727 2029 797 veterum
2047 711 2115 798 di-

672 863 909 975 plomatum
951 861 1118 946 veritati
1161 887 1328 943 summo
1369 857 1499 970 partis
1529 853 1678 940 studio
1706 853 1981 962 indixerunt,
2026 885 2116 940 nou

673 1008 788 1093 aliud
807 1007 967 1093 factum
986 1024 1072 1109 est,
1104 1033 1235 1118 quam
1253 1021 1302 1086 ut
1320 1021 1460 1086 nostra
1478 999 1818 1114 palaeographica
1838 1028 1887 1083 ao
1905 999 2115 1112 diploma-

673 1155 754 1237 tica
773 1150 910 1236 studia
929 1149 1232 1234 vehementiori
1253 1146 1465 1230 alacritate
1485 1143 1785 1231 excolerentur.
1805 1143 1915 1228 Hinc
1933 1143 2111 1250 Blasius,

672 1293 954 1398 Fridericius,
987 1321 1035 1375 ac
1064 1293 1186 1378 Meus
1213 1318 1421 1404 perquam
1454 1290 1536 1374 cati
1578 1317 1627 1372 ac
1654 1288 1813 1372 strenui
1854 1287 2112 1400 antiquitatis

673 1435 935 1544 vestigatores
969 1462 1054 1517 non
1096 1433 1314 1542 vulgarem
1355 1431 1432 1516 sibi
1473 1429 1644 1515 laudem
1680 1449 1965 1543 pepererunt,
2010 1461 2110 1516 cum

673 1606 758 1664 non
785 1595 920 1689 pauca
948 1607 971 1660 e
1001 1576 1208 1659 veteribus
1236 1575 1517 1660 monumentis
1545 1573 1729 1658 eruenda
1749 1593 1981 1680 curassent,
2011 1578 2108 1689 qui-

671 1719 750 1802 bus
787 1737 987 1803 nostrates
1025 1718 1227 1802 inferioris
1267 1719 1361 1805 aevi
1399 1747 1465 1800 res
1502 1735 1661 1827 gestae,
1693 1747 1741 1802 ac
1780 1748 1916 1804 mores
1954 1720 2108 1804 nimio-

672 1885 772 1969 pere
800 1857 1093 1968 explanantur.
1125 1857 1211 1961 Qui
1239 1885 1339 1941 vero
1371 1857 1561 1968 primunr
1579 1855 1808 1942 studiosam
1841 1857 2107 1944 iuventutem

673 2000 983 2112 neapolitanam
1003 1998 1057 2083 ad
1077 1999 1325 2111 capessenda
1352 1997 1455 2084 haec
1473 1997 1610 2083 studia
1631 2001 1894 2107 excitarunt,
1917 2001 2108 2086 Pelliccia

674 2141 905 2246 nimirum,
936 2159 977 2224 et
1005 2143 1180 2226 Scottius
1208 2139 1397 2244 fuerunt,
1428 2171 1610 2254 quorum
1640 2144 1755 2253 prior
1782 2161 1830 2225 ut
1850 2139 2110 2229 addiscendis

674 2281 964 2394 diplomaticae
985 2285 1083 2367 artis
1101 2283 1458 2396 praeceptionibus
1478 2284 1594 2366 viam
1612 2281 1856 2368 facillimam
1887 2285 1969 2369 suis
1988 2283 2110 2369 disci-
2223 2274 2226 2278 ’
2282 2269 2283 2324 l

673 2423 782 2533 pulis
800 2426 1004 2528 muniret,
1027 2423 1247 2508 decadem
1275 2442 1363 2507 arte
1391 2423 1694 2508 laudatissimas
1714 2425 1988 2510 institutiones
2007 2457 2108 2511 con-

673 2565 870 2648 cinnavit.
910 2566 1027 2652 Alter
1061 2595 1178 2669 vero,
1202 2595 1331 2679 quem
1359 2565 1501 2677 paucis
1530 2563 1680 2648 abhinc
1709 2566 1921 2649 mensibus
1949 2597 1972 2650 e
2001 2568 2107 2651 vivis

673 2708 886 2793 sublatum
914 2709 1052 2795 adhuc
1081 2708 1308 2812 deflemus,
1331 2726 1558 2792 nostratem
1581 2707 1969 2822 Palaeographiam,
1991 2713 2106 2795 cuius

673 2855 760 2962 ipse
787 2853 904 2964 prior
937 2850 1188 2937 Cathedram
1232 2851 1441 2954 obtinuit,
1474 2851 1531 2934 ita
1560 2852 1894 2965 quamplurimos
1936 2856 2108 2938 iuvenes

673 2991 861 3096 edocuit,
892 3011 940 3075 ut
968 2991 1132 3075 nullum
1178 2993 1261 3075 iam
1304 2993 1451 3076 nostris
1480 2993 1523 3076 in
1553 2996 1808 3079 membranis
1850 2996 2107 3082 salebrosum

672 3162 720 3218 ac
739 3132 915 3219 informe
944 3133 1189 3217 characteris
1209 3163 1334 3244 genus
1354 3155 1568 3241 occurrat,
1589 3137 1704 3250 quod
1722 3138 1832 3222 lectu
1850 3141 2106 3252 impervium

672 3275 837 3360 evadat.
871 3276 1160 3378 Quamobrem
1189 3276 1557 3362 desideratissimus
1576 3279 1644 3364 hic
1664 3301 1901 3366 nostrarum
1921 3285 2125 3398 antiqui--

670 3439 808 3505 tatum
827 3421 1072 3534 explanator
1086 3423 1274 3505 maximo
1289 3417 1464 3534 quidem
1479 3426 1678 3509 beneficio
1698 3447 1791 3510 tum
1804 3430 2101 3540 praesentium,

671 3582 764 3646 tum
783 3580 1044 3674 posterorum
1064 3564 1225 3646 animos
1243 3564 1320 3646 sibi
1340 3562 1551 3669 devinxit,
1574 3596 1673 3649 cum
1692 3567 1780 3649 eius
1799 3596 1926 3679 opera
1946 3568 2102 3657 facturn

670 3708 752 3808 sit,
784 3724 831 3789 ut
858 3706 977 3789 nobis
1005 3705 1172 3789 abunde
1199 3726 1422 3819 suppetant
1450 3710 1507 3813 ii,
1543 3711 1619 3820 qui
1662 3709 1777 3822 apud
1819 3711 1996 3796 maiores
2023 3743 2102 3797 no·

669 3868 771 3932 stros
786 3878 917 3958 aegre
947 3847 1180 3932 admodum
1208 3851 1388 3936 inveniri
1415 3871 1634 3962 poterant,
1655 3851 1806 3936 seilicet
1825 3854 2103 3942 callentissimi

667 4012 862 4075 veterum
891 4009 1263 4072 monumentorum
1291 3991 1547 4103 interpretes.

780 4134 870 4219 Neo
891 4160 991 4214 vero
1011 4131 1128 4214 nobis
1148 4130 1240 4216 heic
1260 4131 1419 4216 silentio
1439 4137 1664 4245 praeterire
1685 4137 1746 4222 fas
1766 4160 1825 4224 est
1844 4141 2097 4252 Cestarium,

667 4274 957 4359 biarchionem
986 4272 1213 4377 Arditum,
1243 4276 1483 4381 Graecum,
1515 4297 1554 4362 et
1584 4282 1893 4392 Iustinianum,
1938 4289 2013 4400 qui
2055 4309 2099 4373 et

667 4417 744 4528 ipsi
774 4413 873 4498 huic
901 4410 1136 4498 studiorum
1163 4417 1302 4525 generi
1331 4418 1375 4500 in
1404 4417 1542 4502 lucem
1571 4421 1823 4512 vindicando
1842 4456 1919 4539 pro
1940 4430 2099 4517 viribus

668 4559 994 4662 adlaborarunt,
1023 4581 1256 4673 postremus
1293 4592 1394 4646 vero
1437 4566 1563 4650 etiam
1601 4567 1656 4651 ad
1685 4572 1764 4655 Rei
1794 4573 2100 4686 Diplomatieae

668 4703 921 4791 Cathedram
967 4705 1011 4788 in
1040 4707 1167 4815 Regio
1212 4725 1349 4790 nostro
1377 4709 1724 4818 Archigymnasio
1760 4733 1850 4827 post
1871 4719 2100 4804 ·Pellicciae

667 4844 833 4928 obitum
861 4864 1027 4930 evectus
1055 4847 1147 4931 fuit.
1182 4847 1235 4936 Et
1261 4849 1341 4932 nisi
1377 4878 1488 4934 mors
1517 4852 1809 4940 immanissimi
1848 4877 1975 4945 tenax
2003 4889 2100 4974 pro-
