4658 6508
918 538 1037 635 (⁵¹)

266 698 306 768 de
331 700 583 791 responsaticum
607 697 777 768 memorati
802 695 938 766 Iohanni
970 695 1028 766 filii
1063 705 1095 768 et
1126 696 1269 788 germani
1301 695 1403 766 nostri
1435 694 1519 764 ldest
1552 691 1695 764 triticum

264 823 390 892 modios
414 833 569 916 quattuor
593 831 732 892 tractum
758 850 777 894 a
801 819 893 890 nobis
917 821 1006 891 omni
1025 845 1130 894 annue
1154 844 1257 914 usque
1280 820 1367 891 intus
1383 829 1562 890 memorato
1585 827 1694 887 sancto

263 957 371 1017 vestro
396 946 591 1017 monasterio
615 957 837 1017 mensuratum
861 948 902 1017 ad
924 945 1071 1016 modium
1094 944 1216 1015 iustum
1223 991 1424 1014 .........
1430 941 1611 1014 nullatenus
1634 962 1694 1009 nos

263 1079 320 1140 aut
343 1070 479 1142 heredes
502 1069 620 1138 nostris
643 1069 735 1139 robis
759 1067 959 1161 posterisque
983 1067 1097 1140 vestris
1132 1067 1293 1137 mittentes
1322 1065 1531 1136 occasionem.
1560 1075 1693 1158 propter

262 1193 351 1286 quod
375 1216 434 1263 vos
460 1201 676 1264 memoratum
699 1191 840 1262 Iohanne
865 1191 968 1262 lilium
991 1201 1024 1260 et
1047 1213 1237 1282 germanum
1260 1197 1407 1260 nostrum
1441 1189 1584 1281 recipere
1609 1212 1693 1282 pro-

262 1319 376 1388 misisti
400 1319 434 1388 in
447 1328 625 1388 memorato
649 1328 758 1388 sancto
782 1329 815 1388 et
837 1316 1013 1388 venerabili
1033 1325 1138 1386 vestro
1159 1315 1354 1386 monasterio
1370 1314 1417 1409 (5)
1433 1325 1465 1384 et
1480 1338 1558 1384 eum
1572 1337 1692 1385 mona-

260 1445 358 1516 chum
383 1448 487 1516 lacere
512 1455 544 1514 et
567 1467 627 1514 vos
651 1455 683 1514 et
707 1444 843 1538 posteris
867 1443 982 1514 vestris
1005 1467 1081 1514 eum
1102 1443 1228 1530 nutrire
1262 1449 1295 1514 et
1330 1441 1448 1513 vestire
1472 1465 1530 1514 seu
1555 1441 1689 1512 calciare

259 1573 435 1666 promisisti
460 1572 611 1644 omnibus
634 1572 747 1644 diebus
769 1571 836 1644 vite
859 1593 917 1643 suo
940 1571 1023 1642 sicut
1046 1572 1159 1641 ceteris
1192 1569 1358 1641 monachis
1394 1571 1508 1640 vestris
1541 1580 1573 1638 et
1607 1569 1690 1641 sicut

258 1699 352 1768 docet
375 1697 488 1790 regula
511 1697 611 1766 sancti
635 1697 819 1768 benedicti:
847 1706 880 1766 et
902 1696 970 1788 ipse
993 1695 1086 1766 vobis
1101 1695 1300 1789 posterisque
1316 1694 1430 1765 vestris
1447 1693 1597 1764 omnibus
1613 1694 1688 1765 die-

257 1824 317 1893 bus
343 1824 409 1896 vite
425 1847 482 1894 sue
505 1824 540 1892 in
563 1823 780 1893 oredientiam
804 1832 836 1893 et
860 1823 1031 1896 servitium
1055 1846 1122 1894 esse
1146 1822 1259 1894 debeat
1282 1821 1373 1891 sicud
1397 1821 1460 1913 ipsi
1487 1822 1586 1890 ceteri
1609 1844 1688 1890 mo-

255 1951 349 2020 nachi
374 1951 473 2021 vestri
491 1959 524 2020 et
547 1949 636 2020 sicud
661 1949 729 2040 ipsa
752 1951 865 2042 regula
888 1953 989 2022 sancti
1014 1951 1173 2022 benedicti
1190 1952 1284 2020 docet
1307 1961 1339 2021 et
1361 1949 1453 2020 nullo
1470 1953 1568 2022 modo
1583 1953 1683 2022 modo

256 2075 295 2142 de
319 2074 391 2166 ipso
414 2083 524 2142 sancto
549 2083 656 2143 vestro
679 2075 876 2144 monasterio
900 2074 990 2144 exire
1014 2095 1048 2142 se
1072 2082 1271 2166 presummet
1301 2073 1451 2144 omnibus
1481 2072 1595 2144 diebus
1619 2077 1686 2147 vite

254 2221 310 2268 sue
335 2207 367 2267 et
391 2198 418 2266 si
442 2197 559 2269 exinde
583 2199 674 2270 exire
698 2199 910 2292 presumserit
933 2225 952 2269 a
976 2210 1053 2268 tunc
1077 2199 1241 2270 licentiam
1257 2199 1400 2270 babeatis
1418 2222 1476 2270 vos
1500 2210 1533 2270 et
1549 2201 1686 2294 posteris

254 2321 368 2392 vestris
393 2345 469 2391 eum
492 2345 626 2416 sequere
650 2331 682 2392 et
707 2323 924 2414 adpreenderc
949 2331 981 2392 et
1005 2322 1040 2391 in
1064 2331 1246 2395 memorato
1284 2331 1395 2391 sancto
1429 2331 1538 2392 vestro
1562 2347 1684 2393 mona-

256 2449 355 2518 sterio
379 2471 456 2518 eum
478 2471 632 2518 revocare
657 2447 808 2517 omnibus
831 2446 943 2518 diebus
967 2446 1033 2516 trite
1056 2470 1113 2518 sue
1137 2457 1170 2519 et
1197 2448 1376 2518 secundum
1405 2449 1559 2519 meritum
1590 2449 1684 2542 culpe

252 2599 309 2646 sue
333 2575 368 2646 in
392 2585 499 2647 vestra
522 2576 564 2646 sit
586 2583 730 2670 potesate
753 2599 829 2646 eum
852 2573 1049 2667 corripiendi
1074 2587 1106 2644 et
1129 2575 1376 2667 disciplinandi:
1404 2575 1483 2669 quia
1516 2576 1562 2644 sic
1596 2575 1682 2646 inter

252 2702 346 2772 nobis
369 2702 483 2774 stetit:
510 2703 599 2796 quod
622 2703 650 2769 si
674 2701 766 2771 aliter
784 2699 975 2793 probenerit
998 2700 1038 2770 de
1055 2698 1106 2768 his
1123 2699 1274 2768 omnibus
1290 2699 1478 2768 memoratis
1493 2721 1551 2792 per
1565 2702 1682 2794 quovis

252 2826 389 2895 modum
413 2832 469 2894 aut
492 2822 671 2893 summissis
694 2821 838 2915 personis
868 2831 947 2892 tunc
979 2821 1208 2916 componimus
1243 2845 1303 2894 nos
1336 2834 1369 2893 et
1398 2823 1534 2896 heredes
1564 2827 1682 2896 nostris

251 2955 344 3024 vobis
368 2952 568 3047 posterisque
592 2953 707 3023 vestris
730 2950 803 3020 auri
826 2951 908 3020 libra
932 2973 998 3020 una
1020 2951 1227 3044 bythiantea:
1264 2960 1298 3022 et
1320 2952 1381 3024 hec
1405 2952 1552 3023 chartula
1576 2956 1681 3025 offer-

251 3079 349 3147 tionis
373 3086 411 3146 ut
434 3099 531 3169 super
554 3077 675 3168 legitur
697 3077 739 3145 sit
762 3076 884 3146 firma:
923 3074 1042 3167 scripta
1076 3099 1136 3168 pcr
1170 3099 1305 3146 manum
1344 3079 1481 3148 anastasi
1516 3079 1681 3172 scriptoris

254 3205 412 3297 discipulo
436 3203 560 3274 domini
583 3203 732 3274 iohannis
756 3203 886 3273 curialis
910 3213 943 3275 et
966 3203 1113 3274 scrinarii
1137 3225 1195 3296 per
1219 3217 1398 3277 memorata
1416 3205 1593 3278 indictione
1607 3215 1681 3279 ter-

250 3331 295 3398 tia
304 3377 984 3400 .............................
992 3327 1054 3398 alia
1070 3351 1184 3400 manus
1192 3378 1612 3404 ..................
1618 3333 1680 3404 hoc

251 3459 380 3550 signum
393 3454 424 3550 †
439 3477 554 3526 manus
577 3464 759 3526 memorate
783 3456 914 3527 eufimie
938 3464 972 3526 et
994 3455 1140 3527 vitaliani
1160 3479 1218 3530 seu
1246 3457 1394 3552 stephani
1416 3458 1480 3530 boc
1504 3471 1552 3531 est
1575 3468 1680 3532 mater

253 3594 284 3652 et
309 3581 392 3650 [ilios
408 3579 466 3672 qui
484 3577 593 3648 omnia
610 3589 790 3648 memorata
807 3582 1048 3651 consentierunt
1064 3589 1097 3652 et
1112 3589 1208 3654 testes
1223 3593 1261 3651 ut
1277 3581 1514 3654 subscriberent
1535 3607 1680 3676 rogare-

255 3713 333 3772 runt
356 3702 445 3795 quod
469 3723 532 3793 ego
555 3699 615 3794 qui
638 3709 836 3771 memoratos
860 3702 900 3770 ab
923 3726 979 3774 eos
1002 3703 1129 3796 rogitus
1152 3726 1214 3798 pro
1237 3704 1284 3774 eis
1317 3704 1536 3801 subscripsi†
1543 3754 1671 3778 ......

258 3874 552 3899 .............
561 3824 709 3895 similiter
732 3824 794 3895 alia
817 3847 1673 3904 manus.

349 3953 380 4048 †
403 3956 476 4048 Ego
500 3953 672 4047 gregorius
695 3952 780 4023 lilius
803 3952 928 4022 domini
952 3953 1036 4046 petri
1066 3965 1200 4048 rogatus
1224 3981 1242 4025 a
1265 3955 1481 4050 suprascripta
1510 3965 1614 4031 mater
1647 3968 1679 4030 et

333 4314 379 4399 (5)
401 4319 445 4378 De
467 4317 711 4400 donationibus,
742 4327 853 4408 quibus
874 4326 950 4388 olim
970 4328 1151 4389 monasteria
1176 4327 1406 4410 locupletarunt
1426 4327 1448 4386 ii
1471 4327 1675 4410 pracsertim,

251 4437 306 4517 qui
328 4441 523 4499 monasticam
543 4442 793 4521 ingrediebantur
813 4444 908 4505 vitam
925 4491 934 4523 ‚
957 4445 1039 4505 nihil
1057 4445 1125 4507 heic
1143 4445 1343 4520 adnotamus,
1363 4463 1401 4504 ne
1422 4441 1509 4524 ligna
1523 4443 1553 4502 in
1568 4438 1677 4502 silvam

251 4547 351 4623 serre,
374 4565 425 4610 aut
446 4553 588 4611 cramben
608 4574 770 4636 recoquere
789 4555 971 4634 videamur3
996 4559 1109 4640 quippe
1129 4577 1202 4616 cum
1223 4555 1261 4618 de
1281 4568 1456 4638 argumento
1474 4553 1532 4613 hoc
1552 4549 1676 4634 plurimi

252 4665 312 4723 iarn
332 4665 509 4748 disputarint
527 4688 587 4726 non
606 4669 657 4728 irni
678 4667 813 4730 subsellii
835 4670 1017 4751 scriptores,
1043 4690 1078 4730 ac
1098 4673 1129 4732 in
1148 4671 1253 4753 primis
1273 4670 1483 4746 Muratorius,
1509 4665 1559 4727 cui
1579 4677 1676 4724 mate-

253 4773 314 4832 riae
333 4774 422 4835 huius
442 4775 670 4857 pertractandae
691 4797 795 4838 ansam
815 4779 872 4838 hoc
891 4778 975 4840 idern
993 4795 1129 4842 nostrum
1148 4780 1289 4864 praebuit
1309 4791 1541 4841 monumentum
1561 4777 1592 4834 in
1616 4772 1678 4834 dis·

254 4888 430 4966 sentations,
453 4888 491 4949 de
511 4911 571 4971 qua
590 4893 721 4973 superior
740 4906 838 4954 nostra
857 4895 997 4954 meminit
1016 4891 1169 4956 adnotatio
1188 4912 1257 4976 pag.
1276 4907 1325 4974 47.

1274 5008 1290 5039 ί
