4616 6532
693 711 836 768 XXXVI

805 855 932 966 Quod
951 883 1085 968 porro
1114 851 1170 938 ad
1198 847 1501 957 chronologicas
1520 839 1866 930 membranarum
1886 853 2002 924 notas
2022 836 2121 922 atti-

693 1020 766 1086 net
788 1065 800 1105 ,
831 1027 935 1114 opus
962 1025 1059 1084 sane
1087 1025 1171 1080 non
1191 996 1332 1079 minus
1351 985 1550 1092 arduum,
1572 1014 1646 1074 nec
1664 981 1817 1068 minori
1835 975 2122 1064 sollicitudine

693 1148 939 1232 obstrictum
973 1143 1244 1255 suscepimus.
1286 1137 1455 1221 Etenim
1494 1159 1593 1218 cum
1629 1127 1837 1241 plurimae
1875 1123 2124 1207 vetustiores

691 1283 872 1376 nostrae*
897 1287 1165 1374 membranae
1205 1282 1322 1367 annis
1350 1308 1376 1363 a
1404 1277 1571 1364 Christo
1600 1293 1696 1362 nato
1728 1283 1995 1383 praenotatae
2038 1266 2122 1350 mi-

694 1435 807 1519 nime
851 1433 966 1534 sint,
1017 1427 1173 1514 idcirco
1214 1454 1267 1509 ex
1308 1422 1397 1507 aliis
1439 1414 1729 1528 chronologicis
1774 1439 1922 1497 earum
1969 1409 2119 1514 notis,

694 1574 877 1659 eruenda
907 1572 1026 1656 nobis
1065 1567 1145 1653 fuit
1183 1597 1281 1654 aera
1321 1562 1580 1664 christiana,
1627 1583 1759 1670 quarn
1799 1553 2001 1665 cuiusque
2041 1548 2122 1635 do-

691 1716 876 1798 cumenti
903 1711 1075 1820 margini
1117 1710 1161 1792 iu
1191 1711 1270 1795 hac
1307 1721 1447 1790 nostra
1474 1700 1711 1786 collectione
1756 1690 1995 1779 addendam
2033 1719 2121 1774 esse

691 1858 925 1941 statuimus.
960 1853 1186 1964 Pleraeque
1216 1878 1316 1934 vero
1354 1877 1377 1931 e
1418 1840 1715 1952 chronologicis
1763 1839 1863 1950 ipsis
1890 1836 1998 1919 notis
2026 1837 2121 1948 plu·

690 2002 852 2084 rimum
886 1997 1038 2126 negotii
1081 1995 1199 2080 nobis
1230 1992 1489 2080 attulerunt.
1533 1989 1648 2076 Nam
1689 1985 1936 2096 Principum
1977 1978 2121 2066 domi·

692 2142 806 2226 natio
849 2169 948 2224 cum
995 2163 1161 2252 semper
1206 2132 1295 2231 lere
1336 2149 1565 2247 supputata
1605 2127 1731 2213 fuerit
1770 2153 1855 2210 non
1894 2125 1950 2209 ab
1977 2151 2121 2227 anno,

693 2310 778 2394 quo
808 2309 955 2368 eorum
983 2277 1210 2366 decessores
1238 2273 1327 2360 vita
1356 2273 1619 2383 migrarunt,
1650 2264 1725 2352 sed
1754 2297 1807 2354 ex
1835 2295 1921 2382 quo
1948 2264 2123 2376 imperii

691 2420 903 2508 societates
931 2419 1144 2503 iniverunt
1162 2479 1175 2522 ,
1206 2441 1282 2501 nec
1312 2441 1412 2500 vero
1431 2407 1666 2496 istiusmodi
1684 2409 1930 2494 societatum
1949 2404 2124 2492 exordia

691 2567 790 2651 satis
828 2564 1043 2678 explorata
1088 2561 1358 2665 habeantur,
1402 2554 1558 2642 idcirco
1600 2583 1687 2642 non
1729 2579 1826 2638 raro
1856 2552 2028 2657 evenit,
2070 2567 2121 2632 ut

691 2709 738 2794 in
776 2709 1021 2821 Principum
1060 2733 1270 2792 annorum
1308 2701 1650 2816 supputationem
1698 2725 1856 2784 errores
1893 2695 2120 2808 irrepant,

689 2848 1054 2966 quemadmodum
1083 2880 1158 2935 suo
1185 2849 1364 2963 quisque
1392 2846 1585 2961 exemplo
1618 2843 1756 2929 testati
1796 2857 1894 2926 sunt
1936 2839 2116 2952 Pagius,

687 2995 977 3102 Muratorius,
1008 2996 1327 3096 Assemannus,
1371 2992 1529 3107 aliique
1570 2990 1824 3105 perillustres
1866 2991 2120 3102 scriptores,

686 3137 762 3245 qui
777 3132 856 3220 hac
872 3137 916 3220 in
931 3166 977 3220 re
988 3135 1259 3221 vehementer
1273 3132 1527 3247 quandoque
1542 3132 1714 3219 luerunt
1728 3130 1991 3218 hallucinati.
2009 3131 2119 3216 ltem

691 3277 857 3386 saepius
886 3292 1073 3360 erratum
1102 3295 1162 3359 est
1191 3305 1244 3359 ex
1274 3305 1350 3376 eo,
1381 3271 1496 3386 quod
1516 3255 1697 3386 epochae
1725 3273 1928 3358 recenseri
1948 3291 2119 3384 coeptae

687 3417 771 3522 sint
800 3415 853 3499 ab
882 3443 1021 3519 anno,
1053 3443 1140 3528 quo
1169 3435 1240 3500 aut
1268 3407 1478 3528 Principes
1507 3415 1584 3530 ipsi
1613 3418 1800 3501 coronati
1819 3413 2019 3520 fuerunt,
2047 3433 2122 3499 aut

690 3556 844 3669 insigne
864 3557 1034 3673 aliquod
1061 3558 1220 3644 facinus
1247 3578 1496 3671 patrarunt,
1527 3561 1642 3675 quod
1662 3561 1839 3646 alteram
1860 3561 2122 3676 principatus

688 3729 832 3788 aeram
853 3705 1049 3790 inchoare
1067 3705 1252 3793 suaserit.
1274 3704 1387 3790 Huic
1406 3703 1581 3819 quidem
1602 3705 1854 3791 inferiorum
1873 3722 2121 3818 temporum

687 3845 929 3934 obscuritati
944 3877 1029 3934 non
1045 3877 1197 3960 parum
1218 3847 1322 3934 lucis
1337 3844 1490 3934 affudit
1509 3847 1832 3956 Chronologicus
1851 3847 2118 3960 Apparatus,

685 4016 816 4098 quem
834 3988 1074 4074 Alexander
1094 3989 1145 4075 de
1165 3988 1261 4076 Meo
1279 4017 1486 4103 perquam
1516 3989 1734 4099 diligenter
1762 3987 2008 4074 elaboravit.
2032 3959 2121 4072 Vess

685 4158 784 4212 rum
814 4129 996 4240 amplius
1025 4132 1161 4241 ipsam
1181 4129 1379 4216 illustrari
1412 4163 1528 4244 posse
1556 4133 1698 4246 palam
1729 4118 1888 4218 faciunt
1915 4130 2119 4247 pleraque

687 4291 825 4370 nostra
855 4271 1137 4400 documenta,¹
1166 4305 1220 4360 ex
1248 4275 1401 4390 quibus
1429 4298 1595 4390 practer
1633 4305 1805 4364 omnem
1838 4274 2118 4390 dubitationis

685 4416 821 4512 aleam
840 4415 1040 4538 ponitur,
1067 4443 1154 4528 quo
1175 4417 1348 4505 tandem
1363 4447 1468 4504 aevo
1487 4420 1696 4533 Principes
1717 4419 1893 4532 quidam
1912 4418 1968 4504 ad
1988 4422 2118 4531 impe-

683 4564 797 4652 rium
819 4563 1077 4666 accesserint,
1099 4580 1173 4646 aut
1192 4592 1390 4650 coronam
1410 4567 1671 4677 acceperint,
1694 4584 1768 4650 aut
1795 4563 1975 4678 denique
1995 4593 2117 4678 prae·

683 4704 796 4796 clare=
823 4700 982 4828 aliquid
1001 4703 1208 4834 gesserint,
1234 4703 1330 4807 Qua
1360 4704 1413 4789 de
1441 4735 1563 4792 causa
1583 4706 1888 4818 chronologicas
1915 4709 2118 4819 cuiusque

685 4849 954 4934 membranae
982 4865 1100 4944 notas
1133 4849 1284 4951 maiori
1312 4846 1499 4960 quadam
1533 4848 1741 4959 diligentia
1771 4852 1891 4938 nobis
1920 4847 2116 4938 animad-

685 4987 907 5073 vertendas
934 4987 1203 5100 putavimus,
1241 5007 1281 5076 et
1316 4989 1525 5104 quidquid
1545 4989 1703 5078 ibidem
1737 4991 1792 5079 ad
1821 4990 2118 5080 illustrandam
