4658 6508
1304 601 1424 698 (6²)

654 783 686 846 et
710 772 738 842 si
762 767 848 840 ambi
872 767 955 838 infra
980 774 1098 836 etatem
1123 778 1179 835 aut
1204 765 1273 836 sine
1306 765 1440 836 heredes
1473 766 1595 835 mortui
1632 763 1752 836 luerint
1788 773 1967 836 memorata
2000 775 2086 838 terra

654 901 817 972 rebertant
841 898 881 967 ad
906 917 1018 966 ursum
1043 893 1147 966 filium
1180 915 1291 966 meum
1314 893 1449 987 eiusque
1473 893 1658 964 heredibus.
1690 893 1719 964 si
1751 894 1880 988 luerint
1896 895 1979 964 inlra
2009 905 2085 964 eta-

653 1039 718 1099 tem
743 1028 853 1121 gratis.
881 1026 908 1097 si
933 1047 1013 1096 vero
1035 1022 1173 1116 legitimi
1198 1028 1253 1098 det
1281 1034 1480 1096 memoratus
1503 1023 1588 1095 filius
1612 1046 1705 1095 meus
1741 1023 1875 1119 eiusque
1910 1024 2083 1098 heredibus

653 1153 823 1224 medietate
846 1151 988 1246 pretium
1013 1159 1172 1244 quantum
1204 1149 1346 1243 predicta
1369 1160 1456 1222 terra
1489 1149 1666 1244 appretiata
1699 1149 1797 1219 fuerit
1829 1174 1847 1218 a
1878 1149 2083 1220 christianis-

653 1280 742 1348 simis
766 1279 857 1351 viris.
884 1303 943 1375 per
966 1302 1064 1350 mann
1089 1279 1143 1350 cui
1168 1277 1373 1371 disposuerit.
1408 1289 1441 1351 et
1475 1277 1593 1348 sinon
1626 1276 1821 1369 disposuerit
1844 1277 2083 1370 constringatur

653 1430 711 1500 per
735 1429 849 1477 manus
872 1416 1049 1478 memorate
1073 1407 1300 1479 cimiliarcha:
1338 1406 1464 1500 reliqua
1486 1427 1567 1476 vcro
1591 1405 1697 1475 ornnis
1730 1428 1803 1476 mea
1832 1405 1993 1476 hereditas
2026 1429 2083 1478 seu

655 1534 830 1606 substantia
854 1534 1004 1606 deintus
1029 1543 1061 1604 et
1093 1532 1172 1602 loris
1207 1534 1320 1604 domos
1356 1540 1388 1602 et
1422 1529 1579 1601 casalibus
1614 1529 1708 1600 terris
1744 1529 1952 1602 sationalibus
1982 1553 2082 1625 quam

656 1685 713 1754 per
737 1663 855 1733 hortun
879 1663 931 1732 rel
954 1661 1118 1735 montibus
1155 1661 1252 1735 rebus
1284 1660 1403 1734 mobile
1435 1660 1489 1730 vel
1521 1658 1676 1732 inmobile
1709 1683 1844 1755 seseque
1877 1661 2082 1733 mobentibus

656 1783 873 1877 omnibusque
898 1784 944 1854 eis
968 1783 1162 1875 generaliter
1185 1782 1419 1874 pertinentibus
1445 1784 1672 1878 undecumque
1696 1793 1752 1854 aut
1776 1783 2082 1876 quomodocumque

657 1922 712 1982 aut
737 1913 1021 2006 quomodocumqe
1045 1909 1128 1979 mibi
1151 1933 1210 2003 per
1234 1910 1354 2004 quovis
1376 1912 1512 1983 modurn
1536 1910 1676 2004 pertinet
1692 1912 1744 1982 vel
1771 1911 1952 2005 pertinente
1975 1911 2081 1984 fuerit.

653 2035 751 2112 simul
775 2049 808 2109 et
823 2061 935 2109 omnes
959 2037 1140 2129 hospitibus
1168 2035 1215 2132 (5)
1244 2036 1325 2109 meis
1345 2047 1377 2108 et
1396 2037 1533 2109 fundora
1559 2037 1710 2111 viborum
1739 2046 1772 2110 et
1799 2047 2006 2112 mortuorum
2034 2041 2081 2138 (6)

652 2388 796 2435 stamento
827 2372 1049 2457 praescribitur.
1080 2373 1159 2432 Nam
1191 2368 1259 2434 lieri
1278 2369 1336 2430 hoc
1355 2381 1500 2451 poterat,
1536 2371 1611 2452 quia
1639 2368 1808 2431 Canonicus
1833 2391 1899 2430 eam
1933 2386 2082 2432 assecutus

652 2486 824 2565 dignitatern
837 2531 846 2561 ,
871 2505 941 2545 curn
956 2483 1091 2566 plurimis
1111 2479 1233 2562 quidem
1247 2481 1454 2542 ecclesiasticis
1467 2481 1584 2542 valeret
1596 2482 1786 2562 potestatibus
1806 2502 1841 2540 ac
1854 2485 2078 2563 praerogativis,

654 2598 699 2655 uti
725 2595 893 2656 Mazoehius
914 2596 991 2676 (De
1020 2592 1107 2654 Ercl.
1129 2591 1273 2672 neapolit,
1302 2591 1395 2652 cicid.
1417 2610 1494 2668 pag.
1516 2590 1582 2653 {26
1595 2603 1657 2651 not.
1682 2591 1751 2672 23)
1784 2588 1971 2667 adfirmavit,
2004 2614 2081 2674 qua-

652 2708 722 2770 darn
742 2709 837 2770 veluti
860 2710 1033 2770 auctoritate
1052 2706 1135 2790 apud
1158 2710 1312 2772 universos
1332 2710 1466 2771 homines
1487 2709 1602 2791 pollere
1622 2708 1790 2772 videbatur.

745 2822 792 2904 (5)
814 2824 963 2902 Hospites
993 2824 1053 2886 sive
1078 2821 1200 2901 Orpt'tes
1221 2844 1238 2884 a
1259 2823 1348 2885 servis
1369 2820 1554 2903 adscriptitiis
1585 2837 1613 2885 et
1638 2823 1742 2903 glebae
1768 2822 1893 2886 addictis
1926 2824 2079 2903 distincti,

650 2932 768 3014 proprie
788 2931 932 2992 villarum
953 2953 1004 2994 seu
1024 2951 1169 3014 pagorum
1188 2933 1303 2995 incolae
1324 2946 1430 3008 erant,
1450 2936 1559 2996 etalio
1579 2938 1697 2996 nomine
1723 2937 1876 3014 Slrrgr'an'r'
1896 2935 2080 2998 dicebantur.

651 3043 698 3102 Ex
720 3042 959 3123 Burgundiorum
980 3043 1094 3124 legibus
1119 3041 1285 3122 doeemur,
1319 3043 1538 3108 scandinaviae
1561 3045 1687 3128 populos
1708 3061 1895 3130 caeterasque
1916 3047 2080 3109 barbaricas

650 3165 770 3228 gentes,
794 3153 921 3233 pervasis
942 3155 1099 3236 provinciis
1120 3156 1268 3232 romanis,
1292 3174 1401 3235 agros,
1433 3169 1542 3231 terras,
1573 3156 1693 3238 praedia
1717 3179 1752 3218 ac
1773 3159 1920 3241 mancipia
1944 3158 1984 3216 ita
2008 3177 2082 3238 par-

650 3263 717 3321 titos
738 3261 825 3322 luisse
846 3284 917 3322 curn
937 3263 1085 3324 veteribus
1105 3264 1232 3342 incolis,
1253 3285 1328 3344 quos
1347 3269 1504 3326 Romanos
1517 3266 1664 3328 vocabant
1674 3314 1683 3344 ,
1707 3280 1742 3326 ut
1761 3268 1829 3350 ipsis
1844 3269 1921 3332 duae
1935 3283 2081 3331 terrarum

649 3387 767 3454 partes,
791 3387 822 3433 et
840 3376 927 3436 tertia
947 3377 1184 3458 mancipiorum,
1207 3376 1340 3460 reliquae
1356 3381 1511 3440 Remmia
1526 3378 1719 3455 cederentur,
1740 3403 1815 3463 quos
1836 3403 1873 3442 ex
1886 3403 1920 3442 eo
1933 3385 2082 3463 Hospitec

650 3479 864 3563 appellabant,
886 3481 970 3566 quod
990 3483 1107 3542 barbari
1126 3484 1212 3544 velut
1232 3485 1362 3543 advenae
1375 3487 1501 3566 hospitio
1521 3492 1636 3566 excepti
1657 3491 1688 3547 in
1705 3507 1803 3548 rerum
1817 3493 1997 3572 possessionis
2009 3513 2080 3575 par-

651 3603 712 3656 tent
733 3592 857 3668 adsciti,
881 3592 967 3652 rebus
987 3595 1089 3654 iisdem
1109 3594 1315 3678 hospitalitatis
1335 3598 1399 3656 iure
1419 3594 1546 3676 gaudere
1567 3594 1741 3658 dicerentur.
2048 3606 2052 3614 '

730 3702 845 3768 Deinde
859 3709 1008 3787 Hospr'tes
1028 3705 1086 3767 dici
1107 3727 1227 3789 coepere
1247 3709 1267 3768 ii
1288 3728 1435 3790 pagorum
1455 3709 1506 3771 vel
1526 3709 1672 3772 villarum
1685 3711 1815 3792 incolae,
1838 3719 1892 3798 qui
1912 3717 1987 3777 bona
2010 3739 2080 3800 pos·-

648 3819 782 3881 sidebant
802 3819 857 3880 sub
877 3841 974 3882 annuo
995 3841 1106 3898 censu,
1129 3823 1184 3903 qui
1204 3821 1333 3882 hostum
1354 3823 1583 3905 nuncupabatur
1603 3823 1755 3886 barbarico
1774 3849 1914 3890 sermone.
1933 3830 1998 3913 (V.
2016 3837 2078 3894 Or-

648 3932 741 3991 dert'c.
765 3932 859 3995 Vr'tot.
881 3932 932 3994 lib.
954 3936 1023 3994 Ill.
1040 3954 1116 4012 pag.
1137 3932 1208 4014 496
1216 3931 1238 4015 ).

729 4039 774 4125 (6)
794 4041 996 4125 Charpenterii
1017 4041 1055 4102 ad
1076 4045 1251 4123 cangianum
1270 4044 1444 4125 glossarium
1465 4044 1667 4108 additamenta
1688 4063 1825 4112 veternam
1846 4049 2014 4114 chartarum
2030 4071 2076 4117 te-

648 4153 789 4213 stimonio
809 4152 912 4232 palam
931 4150 1045 4212 faciunt
1056 4195 1066 4228 ,
1088 4153 1184 4212 verbis
1205 4155 1298 4213 vivus
1317 4167 1347 4214 et
1367 4163 1530 4232 martarus,
1556 4157 1608 4218 ubi
1623 4156 1660 4218 de
1674 4158 1800 4241 praediis
1821 4181 1915 4223 sermo
1935 4164 1994 4240 sit,
2021 4187 2078 4226 an-

648 4283 723 4327 nuos
743 4261 876 4322 denotari
898 4282 1024 4323 canones
1044 4265 1073 4322 in
1094 4277 1174 4324 certa
1188 4279 1243 4326 aut
1256 4269 1398 4349 pecuniae
1411 4269 1604 4350 pensitatione
1619 4286 1671 4332 aut
1684 4273 1861 4336 animalium
1874 4277 2076 4358 quorumdam

648 4376 842 4460 praestatione
862 4377 995 4458 positos,
1022 4377 1130 4458 quibus
1150 4379 1195 4452 ius
1215 4400 1392 4462 pascuorum
1413 4385 1444 4444 in
1466 4383 1646 4466 quibusdam
1671 4390 1747 4468 agris
1772 4389 1995 4473 rependebatur.
2014 4393 2075 4455 lbi-

647 4492 716 4552 dem
736 4503 888 4574 praeterea
909 4489 1051 4552 doeemur
1071 4490 1177 4554 iisdem
1197 4494 1352 4557 vocabulis
1372 4495 1452 4578 ligna
1485 4513 1538 4560 aut
1568 4501 1693 4566 virentia
1718 4515 1770 4564 aut
1794 4502 1875 4564 arida
1896 4505 2074 4590 quandoque

648 4599 815 4682 significari.

724 4715 759 4774 ln
772 4713 918 4778 Docibilis
931 4733 1002 4777 vero
1016 4715 1039 4777 l.
1054 4717 1178 4779 caietani
1192 4719 1286 4800 Ypati
1306 4733 1481 4784 testamento
1501 4745 1578 4785 anno
1592 4729 1652 4807 906
1672 4729 1798 4791 condito
1813 4727 1895 4812 apud
1909 4729 2073 4792 Marinium

645 4825 740 4907 (Pap.
756 4829 901 4908 Diplnm.
909 4849 984 4910 pag.
999 4829 1062 4892 262
1076 4843 1108 4892 et
1122 4830 1204 4911 263)
1220 4837 1350 4895 occurrit
1363 4837 1475 4897 mentio
1489 4846 1645 4899 tenuram
1661 4851 1855 4902 anonumum
1869 4841 1949 4905 hisce
1962 4841 2072 4906 verbis:

648 4935 744 4999 babeo
764 4938 799 4997 in
818 4937 903 4999 dieta
923 4941 1054 5002 ecelesia
1074 4940 1149 5002 data
1159 4940 1295 5018 familia
1315 4943 1397 5007 meaa
1415 4956 1447 5005 et
1474 4965 1590 5008 werae
1619 4959 1650 5007 et
1672 4953 1817 5029 peculias
1846 4966 1876 5018 ct
1898 4973 2013 5034 porcos
2040 4964 2071 5016 et
