4658 6508
1300 540 1424 634 (5⁰)

591 730 594 737 ·
647 700 710 770 hoc
735 707 782 769 est
805 704 907 768 mater
931 704 963 766 et
986 695 1068 766 filios
1091 713 1150 764 nos
1173 715 1253 765 vero
1276 704 1456 764 memorato
1479 693 1632 764 vitaliano
1665 703 1698 764 et
1726 693 1881 786 stephano
1910 715 1970 786 pro
2004 697 2076 767 rice

646 833 755 896 nostra
778 833 810 893 et
833 844 893 916 pro
910 822 980 891 vice
995 817 1165 889 memorati
1180 818 1314 912 aligerni
1330 820 1475 911 germani
1494 820 1596 891 nostri
1615 820 1662 916 (4)
1676 845 1781 914 neque
1799 845 1817 890 a
1841 820 1959 890 nostris
1975 821 2078 893 here-

648 953 743 1025 dibus
767 949 820 1021 vel
844 974 862 1018 a
886 946 979 1017 nobis
1002 945 1147 1040 personis
1171 945 1348 1017 summissis
1383 947 1473 1018 nullo
1497 958 1643 1039 tempore
1674 944 1791 1016 exinde
1823 943 1967 1014 habeatis
1991 969 2081 1039 qua-

649 1103 789 1173 cumque
812 1075 1024 1170 requisitione
1048 1085 1105 1146 aut
1128 1075 1274 1146 molestia
1296 1084 1363 1144 tam
1386 1098 1445 1146 ros
1469 1075 1526 1169 qui
1550 1098 1647 1168 supra
1671 1073 1819 1148 dominus
1835 1072 1993 1143 lohannes
2017 1098 2082 1146 ve-

649 1204 802 1274 nerabilis
827 1202 924 1271 abbas
948 1201 1116 1294 presbyter
1140 1225 1293 1296 quanque
1316 1203 1452 1295 posteris
1484 1201 1600 1272 restris
1628 1224 1734 1295 neque
1768 1211 1948 1269 memorato
1973 1213 2083 1270 sancto

649 1341 758 1404 restro
782 1327 978 1400 monasterio
1003 1328 1237 1400 monachorum
1261 1341 1444 1401 vestrorum
1467 1353 1526 1421 per
1541 1328 1668 1400 nullrrm
1683 1328 1819 1398 modum
1840 1326 2084 1419 inperpetuum

651 1461 785 1553 insuper
809 1469 842 1529 et
866 1482 906 1528 av
930 1457 1019 1527 omni
1035 1457 1167 1528 homine
1191 1459 1345 1552 omnique
1369 1479 1521 1550 personas
1545 1465 1578 1528 et
1601 1481 1620 1525 a
1644 1463 1824 1526 memorato
1847 1453 1993 1546 aligerno
2017 1454 2085 1523 lilio

652 1605 684 1658 et
707 1609 862 1680 germano
886 1595 998 1654 nostro
1022 1594 1054 1656 et
1079 1586 1118 1654 ab
1143 1586 1213 1655 eius
1238 1585 1412 1656 heredibus
1436 1584 1525 1654 omni
1550 1595 1695 1678 tempore
1719 1607 1777 1654 nos
1805 1593 1837 1656 et
1860 1583 1995 1652 heredes
2017 1605 2085 1652 no-

650 1711 725 1780 stris
748 1709 841 1780 vobis
864 1709 1066 1801 posterisque
1083 1708 1198 1778 vestris
1222 1709 1338 1778 exinde
1362 1708 1398 1776 in
1421 1708 1570 1780 omnibus
1595 1716 1753 1777 antestare
1776 1717 1808 1778 et
1831 1708 1996 1778 defensare
2012 1729 2086 1798 pro-

648 1837 805 1910 mittimus
828 1837 863 1905 in
886 1847 1089 1927 perpetuum.
1105 1836 1230 1905 Interea
1254 1835 1474 1927 promittimus
1497 1835 1591 1904 vobis
1614 1845 1651 1905 ut
1667 1837 1783 1904 amodo
1799 1844 1832 1904 et
1847 1815 1975 1926 semper
1991 1833 2083 1903 omni

652 1990 758 2037 annue
781 1989 841 2058 per
866 1973 1004 2056 augusto
1028 1985 1137 2035 mense
1162 1987 1221 2032 nos
1246 1974 1279 2032 et
1301 1963 1436 2034 heredes
1468 1963 1585 2032 nostris
1618 1961 1711 2032 vobis
1746 1961 1948 2055 posterisque
1971 1961 2088 2031 restris

652 2103 684 2163 et
708 2092 743 2160 in
767 2099 946 2160 memorato
970 2098 1077 2160 vestro
1094 2086 1290 2158 monasterio
1315 2090 1391 2158 dare
1407 2097 1439 2158 et
1462 2087 1646 2179 persolberc
1670 2086 1843 2158 debeamus
1859 2109 1920 2180 pro
1936 2085 2088 2178 portione

731 2544 775 2626 (q)
797 2545 909 2604 Mirum
928 2544 1046 2606 fortasse
1069 2544 1219 2605 videbitur
1232 2547 1262 2604 in
1281 2546 1339 2604 hoc
1357 2547 1550 2606 instrumento
1564 2543 1755 2607 Vitalianum
1768 2565 1802 2604 ac
1817 2545 2000 2627 Stephanum
2015 2545 2086 2627 pol-

650 2658 733 2720 liceri
755 2679 814 2718 sese
827 2671 924 2717 ratam
945 2657 1096 2718 habituros
1121 2658 1309 2720 donationem
1333 2661 1421 2718 etiam
1447 2678 1501 2739 pro
1523 2656 1653 2738 parvulo
1673 2678 1725 2718 suo
1748 2677 1889 2737 germano
1907 2656 1998 2718 fratre
2021 2656 2087 2717 nti·

649 2789 759 2850 gerno,
781 2771 918 2850 quamvis
939 2790 1040 2828 eorum
1062 2783 1155 2829 mater
1176 2767 1309 2829 Eutimia
1332 2771 1427 2830 vitam
1452 2769 1550 2829 adhuc
1576 2785 1694 2850 ageret,
1722 2772 1813 2830 immo
1836 2792 1907 2831 vero
1932 2768 2084 2830 condendo

649 2881 720 2941 huic
740 2883 930 2942 instrumento
951 2883 1107 2940 interesset.
1125 2881 1238 2940 Verum
1260 2881 1319 2939 hoc
1342 2879 1524 2961 opinandum
1543 2895 1586 2940 est
1605 2883 1756 2961 contigisse
1771 2883 1853 2941 iuxta
1874 2881 2085 2960 Langobardo-

651 3013 718 3054 rum
743 2994 831 3073 leges.
847 2992 1026 3055 insecundo
1053 2994 1132 3051 enim
1150 2991 1254 3074 legum
1274 2994 1384 3052 harum
1404 2992 1481 3052 libro
1495 2992 1506 3076 (
1521 2995 1566 3053 ot.
1580 2996 1643 3056 XI.
1661 2993 1691 3071 d.
1707 2994 1745 3074 t)
1766 2995 1945 3076 imperatum
1959 2992 2057 3053 fuerat
2073 3038 2081 3066 ,

649 3127 685 3166 ne
703 3105 877 3166 mulieribus
896 3126 1030 3186 unquam
1052 3107 1112 3164 sine
1136 3104 1268 3165 mundio
1291 3105 1391 3167 vivere
1412 3104 1535 3181 liceret,
1564 3106 1736 3187 quatiebat
1757 3119 1792 3164 ut
1813 3108 1893 3187 ipsae
1915 3103 2003 3164 nullo
2024 3125 2084 3164 non

649 3231 781 3298 tempore
805 3216 918 3276 alienae
940 3217 1077 3296 potestati
1104 3229 1197 3275 essent
1220 3215 1380 3294 obnoxiae5
1400 3237 1461 3296 qua
1487 3216 1611 3296 quidem
1637 3217 1668 3274 in
1694 3237 1725 3276 re
1747 3217 2012 3297 Langobardorum
2034 3218 2084 3275 iu·

650 3329 847 3410 risprudentia
865 3349 924 3388 non
944 3325 1120 3410 discrepavit
1133 3350 1150 3387 a
1165 3329 1371 3390 vetustioribus
1391 3331 1595 3390 Romanorum
1608 3329 1743 3409 legibus,
1764 3351 1863 3410 quae,
1882 3345 1972 3413 prout
1984 3332 2083 3412 inquit

651 3443 754 3506 Cicero
777 3441 859 3523 (pro
873 3446 1031 3503 Muraena
1055 3462 1086 3501 n.
1109 3459 1146 3502 ta
1162 3440 1173 3521 )
1183 3487 1192 3517 ,
1212 3442 1358 3500 mulieres
1378 3461 1484 3500 omnes
1501 3451 1635 3520 propter
1654 3441 1876 3518 infirmitatem
1900 3443 2028 3502 consilii
2044 3444 2084 3501 in

649 3563 788 3612 tutonem
804 3559 958 3629 potestate
976 3570 1038 3610 esse
1051 3551 1227 3610 voluerunt.
1246 3550 1291 3608 ab
1310 3549 1367 3608 hac
1388 3549 1445 3608 fuit
1464 3571 1573 3622 causa,
1594 3549 1789 3630 quamobrem
1815 3550 1978 3610 secundum
2009 3551 2083 3612 lan-

648 3663 804 3743 gobardica
825 3665 924 3743 scita,
955 3664 1006 3722 ubi
1033 3665 1129 3724 mariti
1151 3685 1167 3724 e
1192 3664 1268 3723 vivis
1291 3665 1501 3737 excessissent,
1528 3663 1656 3723 minores
1677 3661 1734 3722 filii
1754 3683 1945 3743 nequaquam
1965 3665 2079 3740 matri,

648 3772 698 3834 sed
717 3773 844 3834 sratrnm
864 3787 938 3833 natu
960 3775 1128 3847 maiorum,
1149 3785 1179 3832 et
1200 3795 1271 3834 cum
1290 3772 1322 3830 hi
1342 3771 1495 3851 deessent,
1517 3775 1660 3854 propioris
1683 3772 1810 3833 alicuius
1839 3773 1939 3852 agnati
1965 3772 2077 3834 tutelae

648 3883 919 3942 committebantur.
939 3884 1044 3962 ltaque
1065 3881 1140 3942 nihil
1160 3896 1203 3942 est
1224 3904 1278 3943 cur
1299 3883 1410 3942 mirum
1428 3881 1519 3942 alicui
1538 3880 1675 3942 videatur
1687 3879 1786 3960 filios,
1800 3883 1871 3941 viva
1891 3880 1991 3941 adhuc
2010 3903 2079 3942 ma-

647 4004 711 4067 tre,
734 4010 789 4070 pro
814 3991 920 4049 minori
942 3992 1082 4072 Aligerno
1105 3993 1259 4074 stipulatos
1281 3992 1380 4052 fuisse.

729 4105 760 4165 si
780 4124 851 4162 vcro
871 4104 966 4163 eidem
986 4107 1056 4166 huic
1077 4106 1255 4166 documento
1276 4107 1410 4168 Eutimia
1425 4105 1485 4167 sine
1500 4105 1714 4180 mundoaldo,
1732 4106 1793 4166 sive
1808 4117 1919 4178 tutore,
1940 4106 2075 4180 interest,

647 4233 684 4272 ne
705 4210 762 4270 hoc
781 4209 905 4292 quidem
925 4211 1042 4274 sortasse
1063 4216 1212 4296 quispiam
1232 4217 1295 4275 iure
1316 4213 1518 4276 demirabitur.
1532 4203 1614 4276 ¹Cum
1634 4215 1712 4274 enim
1732 4213 1838 4275 viduas
1857 4213 1930 4273 olim
1943 4212 2074 4273 donatio-

647 4341 721 4380 num
739 4323 952 4392 instrumenta,
983 4325 1113 4404 aliosque
1135 4339 1301 4385 contractus
1320 4326 1383 4385 sine
1403 4324 1528 4386 alicuius
1548 4327 1651 4385 tutoris
1676 4327 1850 4386 auctoritate
1876 4325 2037 4386 condidisse
2057 4347 2074 4385 e

648 4431 849 4515 compluribus
869 4433 991 4514 quidem
1013 4433 1207 4511 membranis,
1237 4455 1272 4493 ac
1293 4435 1465 4516 pracsertim
1484 4456 1500 4496 e
1521 4433 1635 4496 duabus
1655 4437 1851 4518 superioribus
1871 4438 1927 4498 sub
1945 4438 2075 4498 numeris

646 4545 673 4604 t.
696 4556 726 4602 et
746 4543 801 4603 vt.
826 4554 957 4617 constet,
980 4543 1079 4622 quivis
1100 4543 1170 4602 binc
1191 4557 1294 4624 arguet
1313 4566 1361 4606 eas
1380 4567 1397 4606 e
1416 4547 1574 4608 recentiore
1593 4568 1715 4608 romano
1733 4551 1795 4609 iure
1810 4563 1984 4632 potestatem
1996 4549 2073 4610 hanc

646 4654 699 4715 sibi
720 4653 906 4730 vindicasse,
930 4675 1000 4714 cum
1020 4655 1140 4716 minime
1160 4655 1354 4719 inficiandum
1374 4660 1411 4721 sit
1431 4681 1484 4743 per
1503 4663 1636 4742 sequiora
1657 4663 1713 4723 illa
1733 4663 1851 4724 saecula
1871 4662 1952 4745 apud
1972 4661 2073 4725 diver-

647 4787 690 4827 sas
711 4765 815 4826 ltaliae
844 4764 931 4826 urbes
951 4765 1039 4826 modo
1060 4765 1343 4849 Langobardorum,
1378 4771 1468 4833 modo
1494 4774 1695 4833 Romanorum
1725 4773 1803 4853 leges
1828 4773 2008 4852 obtinuisse,
2040 4786 2075 4835 ut

647 4875 774 4938 ostendit
795 4879 971 4940 Muratorius
995 4878 1059 4960 (A.
1076 4885 1123 4942 Μ.
1143 4889 1180 4943 A
1187 4883 1224 4941 Ε.
1240 4891 1262 4943 t.
1286 4885 1334 4944 ΙΙ.
1356 4881 1430 4944 diss.
1454 4887 1574 4950 XXII·
1597 4884 1634 4945 de
1654 4885 1770 4947 italicis
1789 4885 1906 4964 legibue
1919 4885 1941 4969 ).
