4658 6508
303 1164 340 1231 ln
364 1161 497 1232 nomine
524 1162 648 1233 domini
674 1162 726 1233 dci
746 1160 916 1232 salvatoris
942 1162 1045 1232 nostri
1061 1161 1157 1232 lhesu
1172 1159 1290 1233 Christi
1311 1163 1490 1256 imperante
1505 1162 1638 1236 domino

209 1294 320 1356 nostro
347 1285 557 1356 Constantino
580 1284 813 1378 porfirogenito
840 1307 960 1378 magno
986 1285 1184 1376 imperatore
1215 1307 1299 1354 anno
1326 1285 1482 1355 vicesimo
1502 1286 1639 1378 septimo

209 1413 265 1482 sed
293 1422 326 1482 et
351 1433 488 1482 romano
514 1431 634 1504 magno
660 1409 856 1501 imperatore
884 1433 968 1478 anno
993 1408 1263 1503 quartodecimo:
1297 1409 1350 1480 die
1378 1408 1503 1481 decima
1522 1413 1640 1480 mensis

209 1537 385 1607 decembrii
401 1535 574 1608 indictione
598 1535 711 1606 octaba
737 1537 874 1630 neapoli.
890 1537 1022 1609 Certum
1043 1544 1091 1606 est
1117 1559 1177 1606 nos
1201 1536 1389 1629 gregorium
1412 1549 1445 1606 et
1466 1535 1640 1606 iohannem

209 1662 368 1754 germanis
396 1661 471 1734 filiis
497 1663 633 1757 quidam
665 1663 789 1735 domini
823 1664 910 1736 leoni
942 1674 975 1734 et
1009 1663 1143 1756 quidem
1175 1662 1321 1735 theodoti
1356 1664 1489 1736 honesta
1520 1663 1639 1734 lamina

209 1788 369 1880 iugalium
394 1811 616 1882 personarum.
645 1813 710 1862 una
736 1813 812 1862 cum
833 1792 1000 1862 voluntate
1031 1791 1202 1861 memorati
1233 1791 1357 1862 domini
1383 1791 1470 1860 leoni
1502 1790 1640 1881 genitori

210 1918 321 1986 nostri.
337 1941 436 2011 quam
463 1932 496 1988 et
522 1941 586 2010 ego
609 1930 807 1990 memoratus
830 1918 986 1988 iohannes
1010 1941 1070 2010 pro
1092 1919 1163 1989 vice
1191 1931 1223 1988 et
1239 1919 1387 2011 portione
1411 1941 1483 1987 mea
1498 1927 1565 1986 tam
1580 1939 1639 2008 pro

211 2044 282 2115 viee
299 2052 332 2114 et
358 2042 507 2135 portione
533 2043 637 2111 marie
663 2043 838 2112 monastria
860 2066 1013 2136 germane
1029 2053 1151 2110 nostre.
1181 2045 1210 2110 A
1238 2042 1379 2133 presenti
1402 2043 1454 2111 die
1484 2041 1640 2132 promtis—

209 2169 289 2238 sima
313 2168 479 2238 voluntate
493 2189 555 2259 pro
570 2166 800 2256 redemptionis
824 2176 857 2235 et
883 2164 1071 2236 salvationis
1087 2165 1193 2235 anime
1208 2174 1384 2235 memorate
1400 2164 1529 2236 doudne
1546 2164 1639 2234 theo-

210 2292 280 2361 doti
302 2291 438 2361 honesta
464 2289 585 2362 semina
617 2291 750 2385 quidem
774 2289 924 2383 genitrici
948 2300 1058 2360 nostre
1082 2291 1199 2360 ollerre
1227 2305 1260 2360 et
1284 2289 1449 2362 offerimus
1473 2292 1577 2382 adque
1604 2290 1639 2358 in

209 2416 352 2509 presenti
379 2415 632 2486 contradidimus
658 2415 755 2487 vobis
779 2417 911 2488 domino
935 2439 1052 2488 mauro
1075 2415 1253 2487 venerabili
1280 2415 1459 2509 presbitero
1475 2417 1640 2487 custodem

210 2563 289 2612 vero
305 2539 439 2612 ecclesie
455 2539 617 2611 vocabulo
632 2539 733 2610 sancti
750 2539 856 2612 seheri
872 2537 921 2636 (t)
939 2539 1053 2609 christi
1079 2537 1256 2609 consessori
1272 2537 1330 2632 qui
1353 2537 1412 2607 sita
1427 2559 1496 2608 esse
1511 2536 1640 2607 videtur

291 2820 336 2902 (1)
359 2821 503 2882 Ecclesia
523 2826 555 2882 S.
570 2823 677 2882 Severi
686 2863 696 2896 ‚
720 2841 797 2903 qnae
817 2822 851 2881 in
874 2835 978 2882 nostra
998 2821 1058 2880 hae
1080 2821 1256 2882 membrana
1269 2821 1400 2880 occurrit
1411 2861 1421 2894 ,
1442 2817 1501 2878 alia
1517 2821 1642 2879 omnino

210 2931 269 2989 luit
290 2951 307 2990 a
328 2929 448 2991 duabus
465 2930 547 3008 illis,
570 2951 651 3012 quae
672 2932 728 2990 snb
741 2931 874 2992 eiusdem
888 2933 991 2993 Sancti
1006 2931 1099 2992 titulo
1121 2951 1203 2992 nunc
1216 2944 1332 2992 extant.
1347 2931 1487 2992 Plateam
1502 2927 1640 3010 quidem,

211 3042 265 3100 ubi
288 3039 413 3105 condita
433 3042 499 3124 ipsa
520 3041 605 3117 suit,
636 3055 720 3123 patet
745 3062 782 3102 ex
810 3041 870 3102 hoc
896 3039 1079 3102 documento
1109 3041 1299 3124 appellatam
1330 3040 1420 3100 fnisse
1450 3037 1542 3098 radia
1560 3040 1645 3099 solie

212 3154 310 3214 Aliud
331 3175 405 3219 vcro
425 3155 680 3230 instrumentum,
712 3153 797 3236 quod
823 3175 894 3214 mox
916 3154 1061 3214 dabimus
1083 3155 1140 3215 sub
1162 3175 1289 3216 numero
1309 3153 1436 3215 XXXII
1448 3197 1458 3228 ,
1481 3151 1643 3213 decadem

212 3267 342 3328 ecclesia
362 3270 392 3327 in
413 3267 487 3327 haec
509 3269 604 3329 verba
625 3267 781 3348 loquitur:
805 3270 840 3328 in
860 3277 973 3328 sancta
994 3267 1173 3328 venerabili
1193 3277 1302 3328 aestro
1335 3267 1470 3326 ecelesia
1497 3265 1558 3346 qui
1581 3267 1645 3325 sita

212 3399 276 3438 esee
296 3377 425 3438 uidetur
443 3381 479 3436 in
495 3377 607 3460 platea
628 3397 693 3458 que
712 3387 851 3440 uocatur
868 3377 963 3438 radia
985 3377 1062 3438 solis
1084 3379 1146 3458 qui
1169 3389 1201 3436 et
1222 3378 1352 3456 gurgite
1378 3376 1497 3438 dicitur
1520 3379 1646 3454 regione

213 3495 349 3550 Stemma
369 3490 497 3552 Platea.
520 3491 585 3551 lam
608 3513 681 3556 vero
702 3511 772 3552 cum
792 3512 886 3574 prope
907 3491 1116 3553 cathedralem
1143 3491 1301 3554 ecclesiam
1327 3490 1458 3551 extitisse
1485 3489 1644 3570 plateam,

213 3625 291 3684 quae
306 3603 399 3665 rudia
420 3605 495 3665 solis
514 3605 708 3666 vocitabatur
722 3650 731 3682 ,
754 3625 772 3664 a
788 3607 905 3668 Tutino
920 3606 1077 3686 proditum
1098 3607 1190 3667 suerit
1211 3605 1403 3688 (De’Seggi
1420 3605 1456 3666 di
1466 3611 1555 3688 Nap.
1565 3629 1643 3687 pag.

215 3719 313 3799 181),
336 3717 450 3779 idcirco
472 3733 502 3778 ct
521 3719 646 3780 ecclesia
667 3719 696 3779 S.
712 3720 834 3792 Severi,
857 3738 936 3797 qnae
957 3721 987 3778 in
1004 3721 1064 3779 hac
1084 3719 1207 3780 extabat
1221 3717 1342 3802 platea,
1364 3719 1403 3779 ab
1424 3720 1530 3781 eadem
1545 3721 1645 3781 cathe-

213 3823 296 3887 drali
311 3827 412 3888 dissita
428 3827 510 3886 baud
523 3849 583 3888 esse
597 3827 717 3907 debuit,
734 3849 768 3888 ac
782 3842 939 3909 propterea
955 3827 1038 3888 nihil
1053 3849 1210 3889 commune
1223 3829 1330 3890 habuit
1345 3849 1415 3888 cum
1427 3827 1542 3888 duabus
1556 3849 1645 3911 prae-

215 3940 345 4000 sentibus
369 3941 398 4000 S.
420 3941 526 4000 Severi
547 3938 681 4002 ecclesiis
693 3986 701 4016 ,
722 3962 800 4022 quae
822 3963 883 4002 non
903 3962 1013 4024 parum
1033 3963 1049 4000 a
1071 3940 1240 4001 cathedrali
1261 3945 1325 4022 ipsa
1342 3941 1465 4002 distant.
1479 3943 1542 4001 Nee
1556 3961 1644 4022 porto

216 4049 427 4111 confundenda
447 4049 572 4112 videtur
592 4071 662 4110 cum
682 4050 810 4113 ecclesia
829 4053 860 4112 S.
875 4053 1018 4132 Georgii,
1040 4071 1119 4131 quae
1142 4053 1257 4112 tametsi
1276 4051 1450 4133 aliquando
1470 4053 1645 4112 Severiana

215 4178 270 4224 aut
283 4168 316 4224 S.
332 4163 442 4224 Severi
462 4181 637 4246 nuncupata
658 4163 717 4224 suit
736 4166 777 4224 ob
797 4165 887 4225 huius
908 4165 1004 4224 sancti
1026 4164 1086 4223 viri
1106 4165 1238 4244 corporis
1257 4161 1336 4222 illuc
1350 4163 1484 4225 translati
1497 4183 1646 4225 reveren-

216 4277 316 4350 tiam,
338 4289 372 4337 ut
391 4278 434 4338 ait
454 4275 682 4338 Chiocoarellus
703 4275 847 4358 (Antist.
866 4275 1007 4354 Neapol.
1029 4274 1133 4335 Gatal.
1147 4292 1226 4352 pag.
1246 4273 1291 4342 45
1306 4272 1339 4355 ),
1362 4294 1523 4356 nunquam
1544 4289 1644 4335 tamen

217 4393 250 4450 iu
270 4390 457 4452 documentis
478 4390 545 4452 sola
566 4395 601 4452 S.
625 4393 734 4450 Severi
753 4388 975 4473 appellatione,
997 4410 1103 4450 verum
1124 4403 1154 4449 et
1182 4386 1288 4450 addito
1310 4389 1438 4470 pristino
1459 4394 1490 4449 S.
1515 4389 1649 4467 Georgii

218 4503 340 4561 nomine
361 4500 541 4575 indicatur,
573 4501 618 4561 uti
639 4500 738 4581 liquet
764 4523 802 4562 ex
830 4501 1058 4570 instrumentis,
1092 4521 1173 4581 quae
1198 4513 1408 4560 memorantur
1427 4520 1444 4559 a
1464 4498 1645 4560 Sabbatinio

219 4609 231 4691 (
252 4612 317 4671 cat.
331 4622 352 4672 t.
367 4615 429 4673 W.
445 4631 523 4692 pag.
544 4609 746 4692 183).1(1εω
766 4611 820 4672 hic
839 4611 968 4691 scriptor
989 4629 1060 4670 cum
1080 4630 1096 4669 e
1117 4622 1250 4690 quatuor
1274 4607 1471 4690 neapolitanis
1491 4605 1644 4682 ecclesiis,

220 4745 296 4804 quas
315 4724 373 4784 sub
393 4728 423 4784 S.
445 4727 552 4786 Severi
572 4723 661 4788 titulo
681 4736 835 4797 recenset,
857 4742 950 4784 unam
970 4742 1065 4806 prope
1095 4719 1304 4784 cathedralem
1325 4717 1476 4782 conditam
1495 4717 1641 4796 edixerit,

219 4835 300 4893 banc
320 4834 455 4916 proiecto
476 4857 529 4898 nos
549 4856 615 4898 eam
641 4837 739 4920 ipsam
769 4832 857 4898 fuisse
889 4835 1100 4913 arbitramur,
1133 4855 1228 4916 quam
1259 4853 1396 4915 praesens
1428 4829 1647 4892 documentum

221 4962 375 5008 memorale

1247 5057 1265 5094 ἡ

1710 1127 1763 1176 all.

1695 1235 1773 1298 934.
