4658 6508
882 699 999 796 (⁹7)

222 853 324 948 igitur
348 853 526 948 appellatur
551 853 674 926 tebora.
700 856 873 928 undecimo
897 861 957 954 qui
979 869 1115 932 vocatur
1140 856 1353 928 castanietum
1377 876 1454 926 cum
1485 855 1651 926 nominata

220 991 306 1050 terra
331 981 389 1074 qui
413 980 532 1050 dicitur
556 981 662 1051 cesula
687 981 808 1053 ibidem
837 987 1022 1055 coniuncta.
1061 995 1215 1078 utrasque
1249 1005 1325 1053 cum
1355 981 1503 1052 introitas
1539 1005 1652 1052 earum

218 1101 435 1196 omnibusque
459 1103 506 1172 eis
530 1103 723 1196 generaliter
746 1106 981 1198 pertinentibus
1004 1107 1144 1201 qualiter
1167 1131 1226 1200 per
1250 1107 1336 1198 ipsos
1360 1103 1514 1176 termines
1538 1115 1571 1176 et
1594 1129 1652 1197 per

217 1225 356 1318 signatas
379 1225 452 1295 illos
475 1227 692 1321 exegregastis
717 1239 750 1299 et
773 1230 913 1323 qualiter
936 1229 1021 1323 ipsas
1053 1228 1199 1299 chartule
1233 1239 1340 1300 vestre
1375 1227 1449 1300 illos
1486 1227 1652 1300 continent
1694 1215 1697 1222 ’

217 1355 303 1424 unde
321 1377 407 1424 nunc
423 1353 515 1425 vobis
531 1377 607 1425 curn
622 1357 930 1428 sacramentaviliter
951 1356 1083 1427 definivi
1106 1363 1144 1424 ut
1167 1377 1263 1448 super
1279 1355 1400 1449 legitur
1415 1357 1451 1426 in
1465 1365 1571 1428 vestra
1587 1381 1652 1426 ve-

217 1480 357 1572 strisque
381 1480 553 1549 heredibus
577 1479 641 1547 sint
656 1485 813 1570 potestate
829 1482 990 1572 quidquid
1013 1481 1131 1548 exinde
1155 1484 1260 1550 facere
1286 1481 1468 1548 volueritis.
1488 1491 1521 1547 et
1545 1502 1652 1570 neque

216 1629 235 1672 a
260 1626 312 1673 me
329 1603 496 1673 nominato
519 1603 661 1674 Iohanne
677 1602 850 1696 magnifico
866 1626 973 1696 neque
989 1627 1008 1671 a
1022 1603 1102 1672 meis
1125 1600 1303 1670 heredibus
1320 1623 1380 1672 nec
1404 1625 1423 1669 a
1444 1599 1538 1670 nobis
1563 1624 1651 1672 sum-

220 1729 326 1799 missis
341 1732 488 1824 personis
507 1731 599 1800 nullo
624 1741 769 1823 tempore
793 1729 909 1802 exinde
933 1729 1077 1799 babeatis
1093 1728 1267 1823 aliquando
1283 1751 1490 1822 quacumque
1510 1727 1654 1822 requisi-

218 1861 307 1932 tione
322 1869 378 1930 aut
402 1859 548 1930 molestia
564 1871 631 1930 tam
654 1883 713 1931 vos
730 1861 789 1954 qui
805 1883 902 1953 supra
926 1859 1077 1952 campulo
1095 1867 1127 1929 et
1151 1857 1306 1951 stephano
1327 1879 1385 1927 seu
1402 1856 1505 1925 maria
1520 1856 1654 1926 honesta

217 1987 337 2060 semina
360 1988 424 2057 hoc
448 1995 495 2057 est
517 2001 665 2079 parentes
688 1997 721 2057 ct
749 1996 912 2058 consortes
936 2009 1101 2080 quamque
1125 1985 1240 2057 vestris
1262 1985 1436 2057 heredibus
1451 2006 1510 2078 per
1525 1983 1654 2054 nullum

217 2113 353 2184 modum
376 2112 417 2181 ha
442 2133 528 2180 nunc
552 2119 585 2181 et
609 2110 643 2179 in
659 2111 824 2202 perpetuis
846 2109 1068 2202 temporibus:
1095 2110 1230 2203 Insuper
1246 2111 1337 2180 onani
1361 2117 1507 2202 tempore
1531 2131 1594 2200 ego
1619 2117 1651 2177 et

216 2239 350 2309 heredes
375 2237 455 2308 meis
479 2235 571 2305 vobis
595 2233 776 2327 vestrisque
799 2233 973 2305 heredibus
1000 2233 1117 2305 exinde
1148 2235 1299 2307 omnibus
1334 2233 1536 2303 consortibus
1572 2232 1653 2302 meis

218 2382 398 2456 eorumque
421 2357 594 2429 heredibus
617 2357 755 2450 desuper
777 2357 892 2428 tollere
916 2357 1089 2430 debeamus
1113 2359 1234 2452 absque
1257 2357 1348 2428 omni
1380 2367 1487 2428 vestra
1502 2357 1653 2428 damnie-

217 2495 282 2553 tate
306 2483 394 2553 nulla
418 2485 512 2554 dante
543 2483 747 2554 hoccasione.
787 2493 825 2552 ut
846 2483 933 2554 inter
956 2483 1050 2554 nobis
1087 2485 1266 2555 iudicatum
1289 2491 1349 2554 est.
1371 2483 1471 2573 Quod
1508 2483 1536 2552 si
1560 2504 1653 2575 quo-

218 2611 443 2704 tienscumque
466 2619 613 2704 tempore
637 2633 700 2704 ego
724 2619 781 2680 aut
802 2609 939 2680 heredes
961 2611 1043 2680 meis
1065 2619 1177 2680 contra
1201 2611 1286 2681 hanc
1309 2609 1491 2679 chartulam
1522 2609 1651 2679 securi-

218 2737 292 2806 tatis
331 2746 369 2805 ut
403 2759 500 2829 super
534 2737 654 2830 legitur
689 2739 801 2808 venire
830 2738 1101 2831 presumserimus
1135 2747 1168 2808 ct
1199 2736 1334 2807 minime
1368 2732 1652 2828 adimpleverimus

217 2860 280 2931 hec
304 2860 414 2929 omnia
437 2860 603 2928 nominata
627 2861 718 2930 etin
742 2861 866 2954 aliquid
888 2861 1003 2932 offensi
1026 2860 1186 2932 fuerimus
1210 2883 1268 2954 per
1292 2859 1409 2954 quovis
1433 2858 1568 2928 modum
1596 2865 1653 2924 avrt

219 2981 398 3051 summissis
421 2981 568 3072 personis
593 2993 669 3052 tunc
693 2983 921 3071 componimus
944 2982 1037 3054 vobis
1054 2983 1235 3074 vestrisque
1251 2983 1426 3053 heredibus
1441 2985 1513 3053 auri
1528 2981 1650 3052 solidos

218 3107 409 3199 trigintascx
445 3105 628 3197 bytianteos
662 3111 695 3171 et
731 3103 792 3172 hec
829 3103 977 3174 chartula
1005 3107 1186 3176 securitatis
1210 3107 1350 3202 qualiter
1383 3108 1526 3178 continet
1561 3107 1654 3176 firma

219 3245 407 3323 permaneat
431 3231 465 3298 in
488 3239 705 3323 perpetuum:
733 3229 843 3319 Quam
867 3229 1048 3298 chartulam
1068 3231 1248 3302 securitatis
1272 3257 1291 3300 a
1314 3255 1368 3302 me
1392 3235 1497 3301 farere
1521 3230 1654 3302 iohanni

221 3357 336 3426 curiali
359 3357 499 3426 scribere
522 3357 710 3449 rogavimus
734 3356 787 3427 die
812 3365 845 3426 ct
867 3355 1044 3426 indictione
1068 3357 1234 3427 nominata
1257 3357 1426 3451 decima†

317 3484 389 3553 Hoc
412 3483 541 3578 signum
568 3479 599 3575 †
623 3504 737 3552 manus
759 3479 917 3560 nominati
940 3479 1074 3552 iohanni
1103 3483 1268 3576 magnifici
1291 3487 1381 3579 quod
1404 3508 1466 3578 ego
1490 3485 1550 3579 qui
1573 3507 1652 3556 me-

221 3616 365 3676 moratos
388 3605 429 3676 ab
453 3628 493 3676 eo
516 3614 649 3696 rogatus
673 3627 734 3698 pro
758 3629 835 3676 eum
858 3604 1078 3708 subscripsi†

315 3729 347 3822 †
370 3733 444 3821 Ego
466 3729 519 3799 leo
543 3725 629 3796 filius
653 3727 777 3802 domini
801 3727 908 3801 mauri
923 3729 1042 3803 medici
1064 3739 1199 3823 rogatus
1223 3757 1242 3801 a
1266 3733 1486 3832 suprascripto
1510 3730 1651 3800 iohanne

222 3857 298 3926 testi
321 3851 539 3946 subscripsi†

320 3981 351 4072 †
384 3981 456 4071 Ego
489 3977 679 4048 cristoforus
711 3975 798 4046 filius
833 3975 959 4048 domini
995 3978 1099 4048 niceta
1133 3976 1285 4047 monachi
1314 3989 1448 4071 rogatus
1476 4003 1496 4048 a
1525 4001 1647 4072 supra-

223 4107 343 4200 scripto
367 4103 507 4174 iohanne
529 4102 604 4173 testi
627 4099 848 4194 subscripsi†

317 4230 443 4324 †Ego
466 4229 592 4322 sergius
627 4230 712 4300 filius
746 4229 870 4300 domini
893 4229 981 4302 leoni
1021 4231 1172 4306 monachi
1205 4249 1341 4324 rogatus
1373 4257 1392 4301 a
1428 4235 1650 4330 suprascripto

222 4359 364 4429 lohanne
389 4357 462 4426 testi
486 4356 662 4450 subscripsi
686 4355 717 4450 †

317 4481 348 4575 †
371 4483 444 4574 Ego
470 4479 627 4551 lohannes
650 4480 787 4550 Curialis
810 4483 869 4575 qui
893 4482 1076 4552 nominatos
1107 4491 1180 4575 post
1211 4482 1481 4577 subscriptionem
1514 4485 1645 4557 testium

224 4603 387 4700 complevi
410 4612 441 4674 et
466 4602 590 4674 absolvi
614 4601 668 4674 dic
692 4609 724 4673 et
748 4603 923 4682 indictione
947 4606 1112 4678 nominata
1136 4603 1306 4699 decima†

815 4867 1060 4908 ‘'Ome-
