<?xml version="1.0" encoding="UTF-8"?>
<!DOCTYPE html PUBLIC "-//W3C//DTD XHTML 1.0 Transitional//EN"
    "http://www.w3.org/TR/xhtml1/DTD/xhtml1-transitional.dtd">
<html xmlns="http://www.w3.org/1999/xhtml" xml:lang="en" lang="en">
 <head>
  <title>
</title>
<meta http-equiv="Content-Type" content="text/html;charset=utf-8" />
  <meta name='ocr-system' content='tesseract 3.04.00' />
  <meta name='ocr-capabilities' content='ocr_page ocr_carea ocr_par ocr_line ocrx_word'/>
</head>
<body>
  <div class='ocr_page' id='page_1' title='image "./monumentaeditaa01napogoog_0129.png"; bbox 0 0 4658 6508; ppageno 0'>
   <div class='ocr_carea' id='block_1_1' title="bbox 214 1210 1638 1438">
    <p class='ocr_par' dir='ltr' id='par_1_1' title="bbox 214 1210 1638 1438">
     <span class='ocr_line' id='line_1_1' title="bbox 310 1210 1638 1305; baseline -0.008 -17"><span class='ocrx_word' id='word_1_1' title='bbox 310 1222 347 1288; x_wconf 94' lang='lat' dir='ltr'>ln</span> <span class='ocrx_word' id='word_1_2' title='bbox 371 1217 501 1288; x_wconf 90' lang='lat' dir='ltr'>nominc</span> <span class='ocrx_word' id='word_1_3' title='bbox 525 1217 645 1292; x_wconf 89' lang='lat' dir='ltr'>domini</span> <span class='ocrx_word' id='word_1_4' title='bbox 670 1216 721 1286; x_wconf 90' lang='lat' dir='ltr'>dei</span> <span class='ocrx_word' id='word_1_5' title='bbox 745 1214 912 1284; x_wconf 91' lang='lat' dir='ltr'>salvatoris</span> <span class='ocrx_word' id='word_1_6' title='bbox 935 1212 1037 1282; x_wconf 86' lang='lat' dir='ltr'>nostri</span> <span class='ocrx_word' id='word_1_7' title='bbox 1054 1213 1149 1284; x_wconf 81' lang='lat' dir='ltr'>lhesu</span> <span class='ocrx_word' id='word_1_8' title='bbox 1164 1212 1294 1284; x_wconf 79' lang='lat' dir='ltr'>Christi:</span> <span class='ocrx_word' id='word_1_9' title='bbox 1313 1214 1491 1305; x_wconf 88' lang='lat' dir='ltr'>lmpcranle</span> <span class='ocrx_word' id='word_1_10' title='bbox 1507 1210 1638 1282; x_wconf 90' lang='lat' dir='ltr'>domino</span> 
     </span>
     <span class='ocr_line' id='line_1_2' title="bbox 214 1337 1638 1438; baseline -0.005 -23"><span class='ocrx_word' id='word_1_11' title='bbox 214 1354 325 1415; x_wconf 90' lang='lat' dir='ltr'>nostro</span> <span class='ocrx_word' id='word_1_12' title='bbox 340 1345 547 1415; x_wconf 82' lang='lat' dir='ltr'>Constantino</span> <span class='ocrx_word' id='word_1_13' title='bbox 563 1364 682 1433; x_wconf 90' lang='lat' dir='ltr'>magno</span> <span class='ocrx_word' id='word_1_14' title='bbox 705 1341 898 1431; x_wconf 82' lang='lat' dir='ltr'>imperatore</span> <span class='ocrx_word' id='word_1_15' title='bbox 914 1362 998 1408; x_wconf 88' lang='lat' dir='ltr'>anno</span> <span class='ocrx_word' id='word_1_16' title='bbox 1023 1338 1180 1438; x_wconf 41' lang='lat' dir='ltr'>vicesimo·</span> <span class='ocrx_word' id='word_1_17' title='bbox 1190 1347 1282 1412; x_wconf 83' lang='lat' dir='ltr'>scuto</span> <span class='ocrx_word' id='word_1_18' title='bbox 1298 1337 1354 1408; x_wconf 89' lang='lat' dir='ltr'>sed</span> <span class='ocrx_word' id='word_1_19' title='bbox 1370 1348 1402 1408; x_wconf 90' lang='lat' dir='ltr'>et</span> <span class='ocrx_word' id='word_1_20' title='bbox 1417 1362 1552 1410; x_wconf 90' lang='lat' dir='ltr'>romano</span> <span class='ocrx_word' id='word_1_21' title='bbox 1567 1363 1638 1408; x_wconf 87' lang='lat' dir='ltr'>ma-</span> 
     </span>
    </p>
   </div>
   <div class='ocr_carea' id='block_1_2' title="bbox 213 1464 1637 1564">
    <p class='ocr_par' dir='ltr' id='par_1_2' title="bbox 213 1464 1637 1564">
     <span class='ocr_line' id='line_1_3' title="bbox 213 1464 1637 1564; baseline -0.001 -24"><span class='ocrx_word' id='word_1_22' title='bbox 213 1496 291 1564; x_wconf 89' lang='lat' dir='ltr'>gno:</span> <span class='ocrx_word' id='word_1_23' title='bbox 318 1472 510 1563; x_wconf 77' lang='lat' dir='ltr'>imperatore</span> <span class='ocrx_word' id='word_1_24' title='bbox 535 1491 619 1539; x_wconf 92' lang='lat' dir='ltr'>anno</span> <span class='ocrx_word' id='word_1_25' title='bbox 642 1467 878 1538; x_wconf 90' lang='lat' dir='ltr'>tertiodecimo</span> <span class='ocrx_word' id='word_1_26' title='bbox 902 1468 954 1537; x_wconf 90' lang='lat' dir='ltr'>die</span> <span class='ocrx_word' id='word_1_27' title='bbox 979 1465 1129 1538; x_wconf 89' lang='lat' dir='ltr'>vicesima</span> <span class='ocrx_word' id='word_1_28' title='bbox 1152 1464 1285 1560; x_wconf 90' lang='lat' dir='ltr'>septima</span> <span class='ocrx_word' id='word_1_29' title='bbox 1300 1467 1418 1538; x_wconf 89' lang='lat' dir='ltr'>mensis</span> <span class='ocrx_word' id='word_1_30' title='bbox 1441 1464 1523 1534; x_wconf 93' lang='lat' dir='ltr'>iunii</span> <span class='ocrx_word' id='word_1_31' title='bbox 1548 1468 1637 1538; x_wconf 88' lang='lat' dir='ltr'>indi-</span> 
     </span>
    </p>
   </div>
   <div class='ocr_carea' id='block_1_3' title="bbox 197 1594 1640 5125">
    <p class='ocr_par' dir='ltr' id='par_1_3' title="bbox 197 1594 1640 5125">
     <span class='ocr_line' id='line_1_4' title="bbox 211 1594 1638 1690; baseline -0.001 -25"><span class='ocrx_word' id='word_1_32' title='bbox 211 1599 317 1667; x_wconf 90' lang='lat' dir='ltr'>ctione</span> <span class='ocrx_word' id='word_1_33' title='bbox 353 1598 488 1688; x_wconf 87' lang='lat' dir='ltr'>septima</span> <span class='ocrx_word' id='word_1_34' title='bbox 514 1596 667 1690; x_wconf 83' lang='lat' dir='ltr'>neapoli:</span> <span class='ocrx_word' id='word_1_35' title='bbox 704 1595 836 1666; x_wconf 79' lang='lat' dir='ltr'>Certum</span> <span class='ocrx_word' id='word_1_36' title='bbox 871 1605 918 1664; x_wconf 89' lang='lat' dir='ltr'>cst</span> <span class='ocrx_word' id='word_1_37' title='bbox 952 1619 1004 1665; x_wconf 93' lang='lat' dir='ltr'>me</span> <span class='ocrx_word' id='word_1_38' title='bbox 1037 1594 1197 1664; x_wconf 88' lang='lat' dir='ltr'>marinum</span> <span class='ocrx_word' id='word_1_39' title='bbox 1232 1595 1323 1664; x_wconf 90' lang='lat' dir='ltr'>miles</span> <span class='ocrx_word' id='word_1_40' title='bbox 1366 1594 1469 1666; x_wconf 87' lang='lat' dir='ltr'>filium</span> <span class='ocrx_word' id='word_1_41' title='bbox 1504 1594 1638 1689; x_wconf 88' lang='lat' dir='ltr'>quidem</span> 
     </span>
     <span class='ocr_line' id='line_1_5' title="bbox 211 1722 1635 1819; baseline -0.004 -23"><span class='ocrx_word' id='word_1_42' title='bbox 211 1727 336 1796; x_wconf 91' lang='lat' dir='ltr'>domini</span> <span class='ocrx_word' id='word_1_43' title='bbox 359 1724 532 1795; x_wconf 89' lang='lat' dir='ltr'>theodori:</span> <span class='ocrx_word' id='word_1_44' title='bbox 571 1733 603 1795; x_wconf 90' lang='lat' dir='ltr'>et</span> <span class='ocrx_word' id='word_1_45' title='bbox 638 1725 771 1819; x_wconf 90' lang='lat' dir='ltr'>quidem</span> <span class='ocrx_word' id='word_1_46' title='bbox 796 1722 926 1794; x_wconf 90' lang='lat' dir='ltr'>domina</span> <span class='ocrx_word' id='word_1_47' title='bbox 961 1724 1184 1794; x_wconf 89' lang='lat' dir='ltr'>theodonanda</span> <span class='ocrx_word' id='word_1_48' title='bbox 1220 1723 1377 1813; x_wconf 88' lang='lat' dir='ltr'>iugalium</span> <span class='ocrx_word' id='word_1_49' title='bbox 1401 1745 1635 1816; x_wconf 88' lang='lat' dir='ltr'>personarum:</span> 
     </span>
     <span class='ocr_line' id='line_1_6' title="bbox 209 1850 1639 1946; baseline -0.002 -23"><span class='ocrx_word' id='word_1_50' title='bbox 209 1855 405 1946; x_wconf 84' lang='lat' dir='ltr'>Apresenti</span> <span class='ocrx_word' id='word_1_51' title='bbox 428 1855 480 1926; x_wconf 92' lang='lat' dir='ltr'>die</span> <span class='ocrx_word' id='word_1_52' title='bbox 504 1855 723 1946; x_wconf 89' lang='lat' dir='ltr'>prumtissima</span> <span class='ocrx_word' id='word_1_53' title='bbox 755 1853 920 1926; x_wconf 90' lang='lat' dir='ltr'>voluntate</span> <span class='ocrx_word' id='word_1_54' title='bbox 944 1853 1126 1923; x_wconf 77' lang='lat' dir='ltr'>venundedi</span> <span class='ocrx_word' id='word_1_55' title='bbox 1163 1863 1196 1920; x_wconf 90' lang='lat' dir='ltr'>et</span> <span class='ocrx_word' id='word_1_56' title='bbox 1232 1850 1411 1924; x_wconf 88' lang='lat' dir='ltr'>contradidi</span> <span class='ocrx_word' id='word_1_57' title='bbox 1447 1850 1539 1921; x_wconf 87' lang='lat' dir='ltr'>vohis</span> <span class='ocrx_word' id='word_1_58' title='bbox 1575 1854 1639 1922; x_wconf 94' lang='lat' dir='ltr'>do-</span> 
     </span>
     <span class='ocr_line' id='line_1_7' title="bbox 209 1977 1639 2072; baseline -0.002 -22"><span class='ocrx_word' id='word_1_59' title='bbox 209 1983 301 2050; x_wconf 90' lang='lat' dir='ltr'>mino</span> <span class='ocrx_word' id='word_1_60' title='bbox 325 1981 493 2052; x_wconf 89' lang='lat' dir='ltr'>benedicto</span> <span class='ocrx_word' id='word_1_61' title='bbox 517 1979 670 2071; x_wconf 90' lang='lat' dir='ltr'>religioso</span> <span class='ocrx_word' id='word_1_62' title='bbox 695 1979 849 2072; x_wconf 79' lang='lat' dir='ltr'>igumeno</span> <span class='ocrx_word' id='word_1_63' title='bbox 873 1977 1131 2072; x_wconf 82' lang='lat' dir='ltr'>congregationis</span> <span class='ocrx_word' id='word_1_64' title='bbox 1155 1979 1342 2048; x_wconf 86' lang='lat' dir='ltr'>monasterii</span> <span class='ocrx_word' id='word_1_65' title='bbox 1365 1988 1550 2049; x_wconf 86' lang='lat' dir='ltr'>sanctorum</span> <span class='ocrx_word' id='word_1_66' title='bbox 1574 2001 1639 2050; x_wconf 89' lang='lat' dir='ltr'>ser-</span> 
     </span>
     <span class='ocr_line' id='line_1_8' title="bbox 208 2105 1639 2200; baseline 0 -24"><span class='ocrx_word' id='word_1_67' title='bbox 208 2108 254 2198; x_wconf 90' lang='lat' dir='ltr'>gii</span> <span class='ocrx_word' id='word_1_68' title='bbox 271 2115 303 2175; x_wconf 90' lang='lat' dir='ltr'>et</span> <span class='ocrx_word' id='word_1_69' title='bbox 327 2107 435 2175; x_wconf 90' lang='lat' dir='ltr'>baschi</span> <span class='ocrx_word' id='word_1_70' title='bbox 451 2106 508 2200; x_wconf 93' lang='lat' dir='ltr'>qui</span> <span class='ocrx_word' id='word_1_71' title='bbox 524 2129 610 2178; x_wconf 91' lang='lat' dir='ltr'>nunc</span> <span class='ocrx_word' id='word_1_72' title='bbox 627 2107 815 2199; x_wconf 88' lang='lat' dir='ltr'>congregati</span> <span class='ocrx_word' id='word_1_73' title='bbox 840 2129 907 2175; x_wconf 90' lang='lat' dir='ltr'>esse</span> <span class='ocrx_word' id='word_1_74' title='bbox 928 2107 1057 2177; x_wconf 89' lang='lat' dir='ltr'>videtur</span> <span class='ocrx_word' id='word_1_75' title='bbox 1080 2105 1113 2172; x_wconf 94' lang='lat' dir='ltr'>in</span> <span class='ocrx_word' id='word_1_76' title='bbox 1137 2107 1333 2174; x_wconf 90' lang='lat' dir='ltr'>monasterio</span> <span class='ocrx_word' id='word_1_77' title='bbox 1353 2105 1454 2174; x_wconf 88' lang='lat' dir='ltr'>sancti</span> <span class='ocrx_word' id='word_1_78' title='bbox 1469 2105 1639 2176; x_wconf 87' lang='lat' dir='ltr'>sebastiani</span> 
     </span>
     <span class='ocr_line' id='line_1_9' title="bbox 211 2230 1640 2325; baseline 0 -25"><span class='ocrx_word' id='word_1_79' title='bbox 211 2233 246 2301; x_wconf 91' lang='lat' dir='ltr'>in</span> <span class='ocrx_word' id='word_1_80' title='bbox 271 2231 459 2300; x_wconf 86' lang='lat' dir='ltr'>viridiario:</span> <span class='ocrx_word' id='word_1_81' title='bbox 487 2233 572 2302; x_wconf 91' lang='lat' dir='ltr'>ldest</span> <span class='ocrx_word' id='word_1_82' title='bbox 595 2233 754 2324; x_wconf 88' lang='lat' dir='ltr'>integram</span> <span class='ocrx_word' id='word_1_83' title='bbox 777 2231 960 2322; x_wconf 90' lang='lat' dir='ltr'>portionem</span> <span class='ocrx_word' id='word_1_84' title='bbox 975 2254 1081 2302; x_wconf 88' lang='lat' dir='ltr'>meam</span> <span class='ocrx_word' id='word_1_85' title='bbox 1106 2234 1145 2302; x_wconf 91' lang='lat' dir='ltr'>de</span> <span class='ocrx_word' id='word_1_86' title='bbox 1162 2230 1324 2324; x_wconf 84' lang='lat' dir='ltr'>integrum</span> <span class='ocrx_word' id='word_1_87' title='bbox 1340 2240 1483 2302; x_wconf 89' lang='lat' dir='ltr'>montem</span> <span class='ocrx_word' id='word_1_88' title='bbox 1499 2233 1640 2325; x_wconf 92' lang='lat' dir='ltr'>positum</span> 
     </span>
     <span class='ocr_line' id='line_1_10' title="bbox 207 2358 1639 2453; baseline 0.002 -27"><span class='ocrx_word' id='word_1_89' title='bbox 207 2358 243 2426; x_wconf 93' lang='lat' dir='ltr'>in</span> <span class='ocrx_word' id='word_1_90' title='bbox 266 2359 422 2428; x_wconf 91' lang='lat' dir='ltr'>nonnaria</span> <span class='ocrx_word' id='word_1_91' title='bbox 447 2360 536 2451; x_wconf 92' lang='lat' dir='ltr'>quod</span> <span class='ocrx_word' id='word_1_92' title='bbox 559 2368 607 2428; x_wconf 88' lang='lat' dir='ltr'>est</span> <span class='ocrx_word' id='word_1_93' title='bbox 631 2361 671 2429; x_wconf 89' lang='lat' dir='ltr'>de</span> <span class='ocrx_word' id='word_1_94' title='bbox 695 2361 823 2429; x_wconf 82' lang='lat' dir='ltr'>tertiam</span> <span class='ocrx_word' id='word_1_95' title='bbox 839 2367 965 2453; x_wconf 88' lang='lat' dir='ltr'>partem</span> <span class='ocrx_word' id='word_1_96' title='bbox 988 2370 1113 2450; x_wconf 89' lang='lat' dir='ltr'>partem</span> <span class='ocrx_word' id='word_1_97' title='bbox 1129 2383 1248 2430; x_wconf 89' lang='lat' dir='ltr'>unam:</span> <span class='ocrx_word' id='word_1_98' title='bbox 1276 2360 1363 2431; x_wconf 89' lang='lat' dir='ltr'>unde</span> <span class='ocrx_word' id='word_1_99' title='bbox 1379 2361 1459 2432; x_wconf 88' lang='lat' dir='ltr'>duas</span> <span class='ocrx_word' id='word_1_100' title='bbox 1474 2361 1639 2453; x_wconf 91' lang='lat' dir='ltr'>portiones</span> 
     </span>
     <span class='ocr_line' id='line_1_11' title="bbox 206 2483 1639 2577; baseline 0.004 -27"><span class='ocrx_word' id='word_1_101' title='bbox 206 2493 282 2552; x_wconf 91' lang='lat' dir='ltr'>sunt</span> <span class='ocrx_word' id='word_1_102' title='bbox 306 2483 462 2552; x_wconf 86' lang='lat' dir='ltr'>heredum</span> <span class='ocrx_word' id='word_1_103' title='bbox 486 2483 618 2576; x_wconf 91' lang='lat' dir='ltr'>quidem</span> <span class='ocrx_word' id='word_1_104' title='bbox 648 2483 749 2554; x_wconf 90' lang='lat' dir='ltr'>maria</span> <span class='ocrx_word' id='word_1_105' title='bbox 773 2483 900 2555; x_wconf 89' lang='lat' dir='ltr'>uterina</span> <span class='ocrx_word' id='word_1_106' title='bbox 924 2507 1077 2576; x_wconf 88' lang='lat' dir='ltr'>germana</span> <span class='ocrx_word' id='word_1_107' title='bbox 1100 2508 1197 2554; x_wconf 89' lang='lat' dir='ltr'>mea:</span> <span class='ocrx_word' id='word_1_108' title='bbox 1237 2493 1270 2554; x_wconf 89' lang='lat' dir='ltr'>et</span> <span class='ocrx_word' id='word_1_109' title='bbox 1293 2485 1423 2555; x_wconf 84' lang='lat' dir='ltr'>eulintia</span> <span class='ocrx_word' id='word_1_110' title='bbox 1452 2507 1639 2577; x_wconf 81' lang='lat' dir='ltr'>germanam</span> 
     </span>
     <span class='ocr_line' id='line_1_12' title="bbox 205 2613 1640 2705; baseline 0.004 -28"><span class='ocrx_word' id='word_1_111' title='bbox 205 2633 277 2678; x_wconf 91' lang='lat' dir='ltr'>mea</span> <span class='ocrx_word' id='word_1_112' title='bbox 304 2633 403 2701; x_wconf 92' lang='lat' dir='ltr'>quem</span> <span class='ocrx_word' id='word_1_113' title='bbox 426 2613 492 2682; x_wconf 87' lang='lat' dir='ltr'>iam</span> <span class='ocrx_word' id='word_1_114' title='bbox 515 2635 574 2682; x_wconf 90' lang='lat' dir='ltr'>vos</span> <span class='ocrx_word' id='word_1_115' title='bbox 598 2623 816 2704; x_wconf 85' lang='lat' dir='ltr'>comparatam</span> <span class='ocrx_word' id='word_1_116' title='bbox 839 2613 986 2684; x_wconf 91' lang='lat' dir='ltr'>habetis:</span> <span class='ocrx_word' id='word_1_117' title='bbox 1015 2623 1047 2684; x_wconf 91' lang='lat' dir='ltr'>et</span> <span class='ocrx_word' id='word_1_118' title='bbox 1070 2613 1245 2686; x_wconf 92' lang='lat' dir='ltr'>indivisum</span> <span class='ocrx_word' id='word_1_119' title='bbox 1268 2614 1432 2684; x_wconf 86' lang='lat' dir='ltr'>reiaeent:</span> <span class='ocrx_word' id='word_1_120' title='bbox 1459 2615 1640 2705; x_wconf 87' lang='lat' dir='ltr'>pertinento</span> 
     </span>
     <span class='ocr_line' id='line_1_13' title="bbox 204 2733 1639 2831; baseline 0.004 -29"><span class='ocrx_word' id='word_1_121' title='bbox 204 2733 287 2802; x_wconf 94' lang='lat' dir='ltr'>mihi</span> <span class='ocrx_word' id='word_1_122' title='bbox 310 2745 489 2805; x_wconf 89' lang='lat' dir='ltr'>memorato</span> <span class='ocrx_word' id='word_1_123' title='bbox 514 2738 641 2807; x_wconf 89' lang='lat' dir='ltr'>marino</span> <span class='ocrx_word' id='word_1_124' title='bbox 666 2741 736 2827; x_wconf 78' lang='lat' dir='ltr'>ipso</span> <span class='ocrx_word' id='word_1_125' title='bbox 767 2741 874 2827; x_wconf 84' lang='lat' dir='ltr'>portio</span> <span class='ocrx_word' id='word_1_126' title='bbox 906 2760 974 2806; x_wconf 85' lang='lat' dir='ltr'>meo</span> <span class='ocrx_word' id='word_1_127' title='bbox 1010 2740 1047 2806; x_wconf 83' lang='lat' dir='ltr'>de</span> <span class='ocrx_word' id='word_1_128' title='bbox 1070 2747 1288 2808; x_wconf 89' lang='lat' dir='ltr'>memoratum</span> <span class='ocrx_word' id='word_1_129' title='bbox 1316 2745 1460 2808; x_wconf 90' lang='lat' dir='ltr'>montem</span> <span class='ocrx_word' id='word_1_130' title='bbox 1489 2738 1531 2807; x_wconf 90' lang='lat' dir='ltr'>da</span> <span class='ocrx_word' id='word_1_131' title='bbox 1555 2739 1639 2831; x_wconf 92' lang='lat' dir='ltr'>qui-</span> 
     </span>
     <span class='ocr_line' id='line_1_14' title="bbox 206 2863 1639 2959; baseline 0.003 -28"><span class='ocrx_word' id='word_1_132' title='bbox 206 2863 281 2932; x_wconf 86' lang='lat' dir='ltr'>dem</span> <span class='ocrx_word' id='word_1_133' title='bbox 304 2875 485 2936; x_wconf 91' lang='lat' dir='ltr'>memorato</span> <span class='ocrx_word' id='word_1_134' title='bbox 509 2866 642 2937; x_wconf 91' lang='lat' dir='ltr'>domino</span> <span class='ocrx_word' id='word_1_135' title='bbox 667 2867 825 2939; x_wconf 90' lang='lat' dir='ltr'>theodoro</span> <span class='ocrx_word' id='word_1_136' title='bbox 848 2867 990 2959; x_wconf 85' lang='lat' dir='ltr'>genitori</span> <span class='ocrx_word' id='word_1_137' title='bbox 1013 2891 1118 2939; x_wconf 89' lang='lat' dir='ltr'>meo:</span> <span class='ocrx_word' id='word_1_138' title='bbox 1151 2869 1238 2938; x_wconf 90' lang='lat' dir='ltr'>unde</span> <span class='ocrx_word' id='word_1_139' title='bbox 1270 2865 1354 2936; x_wconf 91' lang='lat' dir='ltr'>nihil</span> <span class='ocrx_word' id='word_1_140' title='bbox 1389 2866 1471 2936; x_wconf 92' lang='lat' dir='ltr'>mihi</span> <span class='ocrx_word' id='word_1_141' title='bbox 1496 2865 1536 2936; x_wconf 91' lang='lat' dir='ltr'>de</span> <span class='ocrx_word' id='word_1_142' title='bbox 1562 2889 1639 2935; x_wconf 86' lang='lat' dir='ltr'>me-</span> 
     </span>
     <span class='ocr_line' id='line_1_15' title="bbox 204 2989 1639 3087; baseline 0.006 -31"><span class='ocrx_word' id='word_1_143' title='bbox 204 2997 329 3057; x_wconf 89' lang='lat' dir='ltr'>morata</span> <span class='ocrx_word' id='word_1_144' title='bbox 351 2989 535 3081; x_wconf 90' lang='lat' dir='ltr'>portionem</span> <span class='ocrx_word' id='word_1_145' title='bbox 556 3015 664 3063; x_wconf 90' lang='lat' dir='ltr'>meam</span> <span class='ocrx_word' id='word_1_146' title='bbox 680 2994 812 3087; x_wconf 89' lang='lat' dir='ltr'>aliquod</span> <span class='ocrx_word' id='word_1_147' title='bbox 835 2995 990 3062; x_wconf 87' lang='lat' dir='ltr'>remansit</span> <span class='ocrx_word' id='word_1_148' title='bbox 1025 3005 1081 3063; x_wconf 90' lang='lat' dir='ltr'>aut</span> <span class='ocrx_word' id='word_1_149' title='bbox 1115 2992 1307 3064; x_wconf 89' lang='lat' dir='ltr'>reserhavi:</span> <span class='ocrx_word' id='word_1_150' title='bbox 1346 2992 1407 3063; x_wconf 90' lang='lat' dir='ltr'>hec</span> <span class='ocrx_word' id='word_1_151' title='bbox 1440 3017 1520 3065; x_wconf 88' lang='lat' dir='ltr'>vero</span> <span class='ocrx_word' id='word_1_152' title='bbox 1558 3017 1639 3086; x_wconf 90' lang='lat' dir='ltr'>pre-</span> 
     </span>
     <span class='ocr_line' id='line_1_16' title="bbox 203 3117 1638 3212; baseline 0.004 -28"><span class='ocrx_word' id='word_1_153' title='bbox 203 3117 368 3187; x_wconf 91' lang='lat' dir='ltr'>nominata</span> <span class='ocrx_word' id='word_1_154' title='bbox 396 3118 555 3209; x_wconf 85' lang='lat' dir='ltr'>integram</span> <span class='ocrx_word' id='word_1_155' title='bbox 590 3122 699 3212; x_wconf 88' lang='lat' dir='ltr'>portio</span> <span class='ocrx_word' id='word_1_156' title='bbox 725 3144 797 3190; x_wconf 91' lang='lat' dir='ltr'>mea</span> <span class='ocrx_word' id='word_1_157' title='bbox 821 3121 862 3190; x_wconf 86' lang='lat' dir='ltr'>do</span> <span class='ocrx_word' id='word_1_158' title='bbox 890 3131 1106 3193; x_wconf 88' lang='lat' dir='ltr'>memoratum</span> <span class='ocrx_word' id='word_1_159' title='bbox 1138 3133 1282 3194; x_wconf 90' lang='lat' dir='ltr'>montem</span> <span class='ocrx_word' id='word_1_160' title='bbox 1314 3145 1379 3193; x_wconf 91' lang='lat' dir='ltr'>una</span> <span class='ocrx_word' id='word_1_161' title='bbox 1403 3121 1638 3204; x_wconf 81' lang='lat' dir='ltr'>cumintroito</span> 
     </span>
     <span class='ocr_line' id='line_1_17' title="bbox 204 3244 1638 3342; baseline 0.01 -34"><span class='ocrx_word' id='word_1_162' title='bbox 204 3264 266 3309; x_wconf 90' lang='lat' dir='ltr'>suo</span> <span class='ocrx_word' id='word_1_163' title='bbox 290 3251 321 3311; x_wconf 85' lang='lat' dir='ltr'>et</span> <span class='ocrx_word' id='word_1_164' title='bbox 350 3266 426 3314; x_wconf 90' lang='lat' dir='ltr'>cum</span> <span class='ocrx_word' id='word_1_165' title='bbox 460 3244 587 3314; x_wconf 88' lang='lat' dir='ltr'>olibetis</span> <span class='ocrx_word' id='word_1_166' title='bbox 623 3257 656 3316; x_wconf 92' lang='lat' dir='ltr'>et</span> <span class='ocrx_word' id='word_1_167' title='bbox 687 3255 854 3318; x_wconf 90' lang='lat' dir='ltr'>curtaneas</span> <span class='ocrx_word' id='word_1_168' title='bbox 886 3257 919 3318; x_wconf 87' lang='lat' dir='ltr'>et</span> <span class='ocrx_word' id='word_1_169' title='bbox 950 3269 1025 3320; x_wconf 94' lang='lat' dir='ltr'>cum</span> <span class='ocrx_word' id='word_1_170' title='bbox 1056 3248 1239 3341; x_wconf 88' lang='lat' dir='ltr'>portionem</span> <span class='ocrx_word' id='word_1_171' title='bbox 1271 3252 1311 3319; x_wconf 89' lang='lat' dir='ltr'>dc</span> <span class='ocrx_word' id='word_1_172' title='bbox 1347 3251 1469 3342; x_wconf 86' lang='lat' dir='ltr'>piscina</span> <span class='ocrx_word' id='word_1_173' title='bbox 1494 3259 1526 3320; x_wconf 90' lang='lat' dir='ltr'>et</span> <span class='ocrx_word' id='word_1_174' title='bbox 1562 3271 1638 3322; x_wconf 91' lang='lat' dir='ltr'>cum</span> 
     </span>
     <span class='ocr_line' id='line_1_18' title="bbox 203 3365 1637 3469; baseline 0.016 -39"><span class='ocrx_word' id='word_1_175' title='bbox 203 3365 373 3436; x_wconf 89' lang='lat' dir='ltr'>arboribus</span> <span class='ocrx_word' id='word_1_176' title='bbox 409 3369 581 3440; x_wconf 80' lang='lat' dir='ltr'>fructiferis</span> <span class='ocrx_word' id='word_1_177' title='bbox 617 3381 650 3441; x_wconf 90' lang='lat' dir='ltr'>et</span> <span class='ocrx_word' id='word_1_178' title='bbox 680 3371 888 3443; x_wconf 83' lang='lat' dir='ltr'>infructiferis</span> <span class='ocrx_word' id='word_1_179' title='bbox 920 3383 953 3444; x_wconf 90' lang='lat' dir='ltr'>et</span> <span class='ocrx_word' id='word_1_180' title='bbox 983 3373 1135 3444; x_wconf 84' lang='lat' dir='ltr'>omnibus</span> <span class='ocrx_word' id='word_1_181' title='bbox 1166 3375 1227 3446; x_wconf 90' lang='lat' dir='ltr'>sivi</span> <span class='ocrx_word' id='word_1_182' title='bbox 1260 3379 1493 3469; x_wconf 87' lang='lat' dir='ltr'>pertinentibus</span> <span class='ocrx_word' id='word_1_183' title='bbox 1529 3403 1548 3447; x_wconf 89' lang='lat' dir='ltr'>a</span> <span class='ocrx_word' id='word_1_184' title='bbox 1583 3405 1637 3453; x_wconf 88' lang='lat' dir='ltr'>me</span> 
     </span>
     <span class='ocr_line' id='line_1_19' title="bbox 203 3494 1637 3598; baseline 0.013 -34"><span class='ocrx_word' id='word_1_185' title='bbox 203 3494 296 3564; x_wconf 91' lang='lat' dir='ltr'>vobis</span> <span class='ocrx_word' id='word_1_186' title='bbox 319 3495 383 3563; x_wconf 90' lang='lat' dir='ltr'>sint</span> <span class='ocrx_word' id='word_1_187' title='bbox 406 3497 626 3568; x_wconf 83' lang='lat' dir='ltr'>venundatum</span> <span class='ocrx_word' id='word_1_188' title='bbox 650 3507 681 3568; x_wconf 91' lang='lat' dir='ltr'>et</span> <span class='ocrx_word' id='word_1_189' title='bbox 705 3499 858 3571; x_wconf 91' lang='lat' dir='ltr'>traditum</span> <span class='ocrx_word' id='word_1_190' title='bbox 882 3525 953 3571; x_wconf 87' lang='lat' dir='ltr'>mea</span> <span class='ocrx_word' id='word_1_191' title='bbox 978 3503 1200 3598; x_wconf 84' lang='lat' dir='ltr'>heredumque</span> <span class='ocrx_word' id='word_1_192' title='bbox 1228 3529 1378 3579; x_wconf 91' lang='lat' dir='ltr'>meorum</span> <span class='ocrx_word' id='word_1_193' title='bbox 1405 3509 1477 3580; x_wconf 89' lang='lat' dir='ltr'>viee</span> <span class='ocrx_word' id='word_1_194' title='bbox 1512 3513 1547 3582; x_wconf 91' lang='lat' dir='ltr'>in</span> <span class='ocrx_word' id='word_1_195' title='bbox 1572 3535 1637 3582; x_wconf 88' lang='lat' dir='ltr'>ve-</span> 
     </span>
     <span class='ocr_line' id='line_1_20' title="bbox 203 3625 1637 3730; baseline 0.017 -43"><span class='ocrx_word' id='word_1_196' title='bbox 203 3628 268 3688; x_wconf 91' lang='lat' dir='ltr'>stra</span> <span class='ocrx_word' id='word_1_197' title='bbox 292 3632 471 3692; x_wconf 90' lang='lat' dir='ltr'>memorato</span> <span class='ocrx_word' id='word_1_198' title='bbox 495 3625 629 3694; x_wconf 88' lang='lat' dir='ltr'>domino</span> <span class='ocrx_word' id='word_1_199' title='bbox 652 3626 822 3698; x_wconf 89' lang='lat' dir='ltr'>benedicto</span> <span class='ocrx_word' id='word_1_200' title='bbox 846 3631 1000 3722; x_wconf 89' lang='lat' dir='ltr'>rehgioso</span> <span class='ocrx_word' id='word_1_201' title='bbox 1025 3634 1179 3725; x_wconf 78' lang='lat' dir='ltr'>igumeno</span> <span class='ocrx_word' id='word_1_202' title='bbox 1201 3637 1402 3730; x_wconf 88' lang='lat' dir='ltr'>posterisque</span> <span class='ocrx_word' id='word_1_203' title='bbox 1420 3641 1533 3710; x_wconf 89' lang='lat' dir='ltr'>vestris</span> <span class='ocrx_word' id='word_1_204' title='bbox 1557 3664 1637 3713; x_wconf 85' lang='lat' dir='ltr'>san-</span> 
     </span>
     <span class='ocr_line' id='line_1_21' title="bbox 202 3751 1635 3848; baseline 0.02 -39"><span class='ocrx_word' id='word_1_205' title='bbox 202 3752 318 3835; x_wconf 90' lang='lat' dir='ltr'>ctaque</span> <span class='ocrx_word' id='word_1_206' title='bbox 343 3754 447 3814; x_wconf 89' lang='lat' dir='ltr'>vestra</span> <span class='ocrx_word' id='word_1_207' title='bbox 471 3751 721 3841; x_wconf 83' lang='lat' dir='ltr'>congregatione</span> <span class='ocrx_word' id='word_1_208' title='bbox 744 3751 808 3821; x_wconf 85' lang='lat' dir='ltr'>sint</span> <span class='ocrx_word' id='word_1_209' title='bbox 830 3761 1021 3843; x_wconf 88' lang='lat' dir='ltr'>potestatem</span> <span class='ocrx_word' id='word_1_210' title='bbox 1036 3757 1175 3848; x_wconf 90' lang='lat' dir='ltr'>qualiter</span> <span class='ocrx_word' id='word_1_211' title='bbox 1200 3759 1317 3829; x_wconf 85' lang='lat' dir='ltr'>exinde</span> <span class='ocrx_word' id='word_1_212' title='bbox 1342 3763 1447 3832; x_wconf 89' lang='lat' dir='ltr'>faeere</span> <span class='ocrx_word' id='word_1_213' title='bbox 1468 3767 1635 3837; x_wconf 86' lang='lat' dir='ltr'>volueritis</span> 
     </span>
     <span class='ocr_line' id='line_1_22' title="bbox 204 3871 1634 3987; baseline 0.02 -49"><span class='ocrx_word' id='word_1_214' title='bbox 204 3871 340 3941; x_wconf 89' lang='lat' dir='ltr'>liberam</span> <span class='ocrx_word' id='word_1_215' title='bbox 364 3895 490 3967; x_wconf 89' lang='lat' dir='ltr'>semper</span> <span class='ocrx_word' id='word_1_216' title='bbox 512 3875 658 3946; x_wconf 89' lang='lat' dir='ltr'>habeatis</span> <span class='ocrx_word' id='word_1_217' title='bbox 681 3887 870 3970; x_wconf 89' lang='lat' dir='ltr'>potestatem</span> <span class='ocrx_word' id='word_1_218' title='bbox 889 3891 921 3948; x_wconf 90' lang='lat' dir='ltr'>et</span> <span class='ocrx_word' id='word_1_219' title='bbox 944 3907 1054 3977; x_wconf 87' lang='lat' dir='ltr'>neque</span> <span class='ocrx_word' id='word_1_220' title='bbox 1078 3909 1097 3953; x_wconf 91' lang='lat' dir='ltr'>a</span> <span class='ocrx_word' id='word_1_221' title='bbox 1121 3909 1173 3956; x_wconf 92' lang='lat' dir='ltr'>me</span> <span class='ocrx_word' id='word_1_222' title='bbox 1189 3903 1369 3960; x_wconf 90' lang='lat' dir='ltr'>memorato</span> <span class='ocrx_word' id='word_1_223' title='bbox 1384 3893 1511 3962; x_wconf 91' lang='lat' dir='ltr'>marino</span> <span class='ocrx_word' id='word_1_224' title='bbox 1527 3917 1634 3987; x_wconf 86' lang='lat' dir='ltr'>neque</span> 
     </span>
     <span class='ocr_line' id='line_1_23' title="bbox 203 3999 1633 4115; baseline 0.02 -51"><span class='ocrx_word' id='word_1_225' title='bbox 203 4024 221 4064; x_wconf 88' lang='lat' dir='ltr'>a</span> <span class='ocrx_word' id='word_1_226' title='bbox 247 3999 327 4067; x_wconf 91' lang='lat' dir='ltr'>meis</span> <span class='ocrx_word' id='word_1_227' title='bbox 351 3999 525 4069; x_wconf 89' lang='lat' dir='ltr'>heredibus</span> <span class='ocrx_word' id='word_1_228' title='bbox 548 4025 653 4094; x_wconf 89' lang='lat' dir='ltr'>neque</span> <span class='ocrx_word' id='word_1_229' title='bbox 678 4027 696 4071; x_wconf 93' lang='lat' dir='ltr'>a</span> <span class='ocrx_word' id='word_1_230' title='bbox 721 4004 814 4074; x_wconf 92' lang='lat' dir='ltr'>nohis</span> <span class='ocrx_word' id='word_1_231' title='bbox 828 4028 981 4097; x_wconf 89' lang='lat' dir='ltr'>personas</span> <span class='ocrx_word' id='word_1_232' title='bbox 1004 4013 1154 4083; x_wconf 90' lang='lat' dir='ltr'>sumissas</span> <span class='ocrx_word' id='word_1_233' title='bbox 1178 4013 1269 4084; x_wconf 91' lang='lat' dir='ltr'>nullo</span> <span class='ocrx_word' id='word_1_234' title='bbox 1293 4026 1438 4110; x_wconf 90' lang='lat' dir='ltr'>ternpore</span> <span class='ocrx_word' id='word_1_235' title='bbox 1454 4041 1633 4115; x_wconf 91' lang='lat' dir='ltr'>numquam</span> 
     </span>
     <span class='ocr_line' id='line_1_24' title="bbox 202 4125 1634 4239; baseline 0.021 -47"><span class='ocrx_word' id='word_1_236' title='bbox 202 4125 321 4194; x_wconf 80' lang='lat' dir='ltr'>exinde</span> <span class='ocrx_word' id='word_1_237' title='bbox 357 4125 500 4195; x_wconf 87' lang='lat' dir='ltr'>habeatis</span> <span class='ocrx_word' id='word_1_238' title='bbox 524 4152 730 4226; x_wconf 89' lang='lat' dir='ltr'>quacumque</span> <span class='ocrx_word' id='word_1_239' title='bbox 765 4135 1018 4229; x_wconf 90' lang='lat' dir='ltr'>requesitionem</span> <span class='ocrx_word' id='word_1_240' title='bbox 1047 4153 1102 4210; x_wconf 91' lang='lat' dir='ltr'>aut</span> <span class='ocrx_word' id='word_1_241' title='bbox 1133 4143 1328 4214; x_wconf 87' lang='lat' dir='ltr'>calumniam</span> <span class='ocrx_word' id='word_1_242' title='bbox 1356 4169 1464 4239; x_wconf 88' lang='lat' dir='ltr'>neque</span> <span class='ocrx_word' id='word_1_243' title='bbox 1488 4173 1546 4220; x_wconf 89' lang='lat' dir='ltr'>vos</span> <span class='ocrx_word' id='word_1_244' title='bbox 1562 4175 1634 4222; x_wconf 92' lang='lat' dir='ltr'>me-</span> 
     </span>
     <span class='ocr_line' id='line_1_25' title="bbox 201 4249 1633 4370; baseline 0.024 -55"><span class='ocrx_word' id='word_1_245' title='bbox 201 4256 345 4318; x_wconf 90' lang='lat' dir='ltr'>moratus</span> <span class='ocrx_word' id='word_1_246' title='bbox 362 4249 512 4320; x_wconf 89' lang='lat' dir='ltr'>dominus</span> <span class='ocrx_word' id='word_1_247' title='bbox 532 4252 719 4327; x_wconf 89' lang='lat' dir='ltr'>benedictus</span> <span class='ocrx_word' id='word_1_248' title='bbox 739 4258 910 4350; x_wconf 88' lang='lat' dir='ltr'>rehgiosus</span> <span class='ocrx_word' id='word_1_249' title='bbox 926 4259 1098 4354; x_wconf 86' lang='lat' dir='ltr'>igumenus</span> <span class='ocrx_word' id='word_1_250' title='bbox 1113 4289 1219 4362; x_wconf 88' lang='lat' dir='ltr'>neque</span> <span class='ocrx_word' id='word_1_251' title='bbox 1233 4271 1370 4360; x_wconf 90' lang='lat' dir='ltr'>posteris</span> <span class='ocrx_word' id='word_1_252' title='bbox 1386 4276 1511 4344; x_wconf 88' lang='lat' dir='ltr'>vestris.</span> <span class='ocrx_word' id='word_1_253' title='bbox 1527 4299 1633 4370; x_wconf 88' lang='lat' dir='ltr'>neque</span> 
     </span>
     <span class='ocr_line' id='line_1_26' title="bbox 200 4385 1634 4497; baseline 0.023 -55"><span class='ocrx_word' id='word_1_254' title='bbox 200 4385 377 4445; x_wconf 90' lang='lat' dir='ltr'>memorata</span> <span class='ocrx_word' id='word_1_255' title='bbox 391 4389 498 4448; x_wconf 87' lang='lat' dir='ltr'>sancta</span> <span class='ocrx_word' id='word_1_256' title='bbox 513 4395 613 4452; x_wconf 80' lang='lat' dir='ltr'>oestro</span> <span class='ocrx_word' id='word_1_257' title='bbox 628 4385 837 4477; x_wconf 88' lang='lat' dir='ltr'>congregatio</span> <span class='ocrx_word' id='word_1_258' title='bbox 852 4412 910 4482; x_wconf 91' lang='lat' dir='ltr'>per</span> <span class='ocrx_word' id='word_1_259' title='bbox 924 4390 1052 4462; x_wconf 91' lang='lat' dir='ltr'>nullum</span> <span class='ocrx_word' id='word_1_260' title='bbox 1068 4397 1202 4467; x_wconf 89' lang='lat' dir='ltr'>modum</span> <span class='ocrx_word' id='word_1_261' title='bbox 1217 4397 1254 4466; x_wconf 89' lang='lat' dir='ltr'>in</span> <span class='ocrx_word' id='word_1_262' title='bbox 1272 4409 1478 4492; x_wconf 85' lang='lat' dir='ltr'>perpetuum:</span> <span class='ocrx_word' id='word_1_263' title='bbox 1502 4401 1634 4497; x_wconf 89' lang='lat' dir='ltr'>insuper</span> 
     </span>
     <span class='ocr_line' id='line_1_27' title="bbox 201 4509 1631 4627; baseline 0.025 -59"><span class='ocrx_word' id='word_1_264' title='bbox 201 4520 264 4590; x_wconf 89' lang='lat' dir='ltr'>ego</span> <span class='ocrx_word' id='word_1_265' title='bbox 287 4513 483 4576; x_wconf 88' lang='lat' dir='ltr'>memoratus</span> <span class='ocrx_word' id='word_1_266' title='bbox 501 4509 645 4580; x_wconf 90' lang='lat' dir='ltr'>marinus</span> <span class='ocrx_word' id='word_1_267' title='bbox 668 4521 701 4581; x_wconf 91' lang='lat' dir='ltr'>et</span> <span class='ocrx_word' id='word_1_268' title='bbox 723 4512 857 4585; x_wconf 87' lang='lat' dir='ltr'>heredes</span> <span class='ocrx_word' id='word_1_269' title='bbox 881 4515 961 4586; x_wconf 90' lang='lat' dir='ltr'>meis</span> <span class='ocrx_word' id='word_1_270' title='bbox 985 4520 1079 4589; x_wconf 88' lang='lat' dir='ltr'>vohis</span> <span class='ocrx_word' id='word_1_271' title='bbox 1098 4522 1298 4618; x_wconf 87' lang='lat' dir='ltr'>posterisque</span> <span class='ocrx_word' id='word_1_272' title='bbox 1322 4528 1436 4598; x_wconf 89' lang='lat' dir='ltr'>vestris</span> <span class='ocrx_word' id='word_1_273' title='bbox 1459 4541 1631 4627; x_wconf 90' lang='lat' dir='ltr'>sanctaque</span> 
     </span>
     <span class='ocr_line' id='line_1_28' title="bbox 199 4630 1632 4738; baseline 0.026 -46"><span class='ocrx_word' id='word_1_274' title='bbox 199 4635 306 4696; x_wconf 88' lang='lat' dir='ltr'>vestra</span> <span class='ocrx_word' id='word_1_275' title='bbox 329 4630 579 4724; x_wconf 90' lang='lat' dir='ltr'>congregatione</span> <span class='ocrx_word' id='word_1_276' title='bbox 602 4653 811 4710; x_wconf 89' lang='lat' dir='ltr'>memoratam</span> <span class='ocrx_word' id='word_1_277' title='bbox 834 4641 994 4736; x_wconf 88' lang='lat' dir='ltr'>integram</span> <span class='ocrx_word' id='word_1_278' title='bbox 1018 4649 1200 4738; x_wconf 89' lang='lat' dir='ltr'>portionem</span> <span class='ocrx_word' id='word_1_279' title='bbox 1224 4673 1329 4722; x_wconf 88' lang='lat' dir='ltr'>meam</span> <span class='ocrx_word' id='word_1_280' title='bbox 1354 4655 1393 4726; x_wconf 93' lang='lat' dir='ltr'>de</span> <span class='ocrx_word' id='word_1_281' title='bbox 1416 4667 1632 4730; x_wconf 89' lang='lat' dir='ltr'>memoratum</span> 
     </span>
     <span class='ocr_line' id='line_1_29' title="bbox 199 4759 1631 4879; baseline 0.029 -60"><span class='ocrx_word' id='word_1_282' title='bbox 199 4765 342 4826; x_wconf 88' lang='lat' dir='ltr'>montem</span> <span class='ocrx_word' id='word_1_283' title='bbox 366 4759 405 4830; x_wconf 86' lang='lat' dir='ltr'>ab</span> <span class='ocrx_word' id='word_1_284' title='bbox 430 4760 518 4830; x_wconf 91' lang='lat' dir='ltr'>omni</span> <span class='ocrx_word' id='word_1_285' title='bbox 541 4761 672 4837; x_wconf 88' lang='lat' dir='ltr'>homine</span> <span class='ocrx_word' id='word_1_286' title='bbox 697 4777 852 4841; x_wconf 89' lang='lat' dir='ltr'>antestare</span> <span class='ocrx_word' id='word_1_287' title='bbox 877 4783 908 4843; x_wconf 88' lang='lat' dir='ltr'>et</span> <span class='ocrx_word' id='word_1_288' title='bbox 932 4774 1096 4847; x_wconf 90' lang='lat' dir='ltr'>defensare</span> <span class='ocrx_word' id='word_1_289' title='bbox 1120 4780 1359 4872; x_wconf 90' lang='lat' dir='ltr'>promittimus:</span> <span class='ocrx_word' id='word_1_290' title='bbox 1387 4795 1518 4879; x_wconf 90' lang='lat' dir='ltr'>propter</span> <span class='ocrx_word' id='word_1_291' title='bbox 1542 4789 1631 4879; x_wconf 90' lang='lat' dir='ltr'>quod</span> 
     </span>
     <span class='ocr_line' id='line_1_30' title="bbox 199 4883 1629 4999; baseline 0.026 -52"><span class='ocrx_word' id='word_1_292' title='bbox 199 4883 308 4975; x_wconf 88' lang='lat' dir='ltr'>accepi</span> <span class='ocrx_word' id='word_1_293' title='bbox 333 4909 351 4960; x_wconf 76' lang='lat' dir='ltr'>a</span> <span class='ocrx_word' id='word_1_294' title='bbox 375 4886 466 4964; x_wconf 82' lang='lat' dir='ltr'>vobis</span> <span class='ocrx_word' id='word_1_295' title='bbox 491 4890 629 4969; x_wconf 79' lang='lat' dir='ltr'>exinde:</span> <span class='ocrx_word' id='word_1_296' title='bbox 656 4895 737 4966; x_wconf 90' lang='lat' dir='ltr'>idest</span> <span class='ocrx_word' id='word_1_297' title='bbox 761 4900 833 4970; x_wconf 87' lang='lat' dir='ltr'>auri</span> <span class='ocrx_word' id='word_1_298' title='bbox 856 4900 976 4972; x_wconf 90' lang='lat' dir='ltr'>solidos</span> <span class='ocrx_word' id='word_1_299' title='bbox 991 4914 1132 4998; x_wconf 90' lang='lat' dir='ltr'>quatuor</span> <span class='ocrx_word' id='word_1_300' title='bbox 1150 4905 1330 4999; x_wconf 84' lang='lat' dir='ltr'>bytianteos</span> <span class='ocrx_word' id='word_1_301' title='bbox 1355 4922 1386 4982; x_wconf 90' lang='lat' dir='ltr'>et</span> <span class='ocrx_word' id='word_1_302' title='bbox 1401 4913 1565 4985; x_wconf 89' lang='lat' dir='ltr'>medium:</span> <span class='ocrx_word' id='word_1_303' title='bbox 1592 4927 1629 4987; x_wconf 90' lang='lat' dir='ltr'>ut</span> 
     </span>
     <span class='ocr_line' id='line_1_31' title="bbox 197 5009 1629 5125; baseline 0.029 -50"><span class='ocrx_word' id='word_1_304' title='bbox 197 5009 282 5089; x_wconf 79' lang='lat' dir='ltr'>inter</span> <span class='ocrx_word' id='word_1_305' title='bbox 306 5013 400 5092; x_wconf 84' lang='lat' dir='ltr'>uobls</span> <span class='ocrx_word' id='word_1_306' title='bbox 423 5021 611 5094; x_wconf 90' lang='lat' dir='ltr'>comvenit:</span> <span class='ocrx_word' id='word_1_307' title='bbox 639 5028 727 5119; x_wconf 92' lang='lat' dir='ltr'>quod</span> <span class='ocrx_word' id='word_1_308' title='bbox 751 5028 778 5097; x_wconf 94' lang='lat' dir='ltr'>si</span> <span class='ocrx_word' id='word_1_309' title='bbox 802 5027 895 5101; x_wconf 88' lang='lat' dir='ltr'>aliter</span> <span class='ocrx_word' id='word_1_310' title='bbox 918 5035 1103 5125; x_wconf 87' lang='lat' dir='ltr'>provenerit</span> <span class='ocrx_word' id='word_1_311' title='bbox 1127 5037 1166 5108; x_wconf 92' lang='lat' dir='ltr'>de</span> <span class='ocrx_word' id='word_1_312' title='bbox 1190 5035 1240 5107; x_wconf 89' lang='lat' dir='ltr'>his</span> <span class='ocrx_word' id='word_1_313' title='bbox 1268 5037 1417 5112; x_wconf 91' lang='lat' dir='ltr'>omnibus</span> <span class='ocrx_word' id='word_1_314' title='bbox 1443 5045 1629 5116; x_wconf 88' lang='lat' dir='ltr'>memoratis</span> 
     </span>
    </p>
   </div>
   <div class='ocr_carea' id='block_1_4' title="bbox 1252 5180 1291 5238">
    <p class='ocr_par' dir='ltr' id='par_1_4' title="bbox 1252 5180 1291 5238">
     <span class='ocr_line' id='line_1_32' title="bbox 1252 5180 1291 5238; baseline 0.154 -6"><span class='ocrx_word' id='word_1_315' title='bbox 1252 5180 1291 5238; x_wconf 89' lang='grc'>10</span> 
     </span>
    </p>
   </div>
   <div class='ocr_carea' id='block_1_5' title="bbox 1693 1196 1775 1367">
    <p class='ocr_par' dir='ltr' id='par_1_5' title="bbox 1693 1196 1775 1367">
     <span class='ocr_line' id='line_1_33' title="bbox 1709 1196 1759 1242; baseline -0.04 0"><span class='ocrx_word' id='word_1_316' title='bbox 1709 1196 1759 1242; x_wconf 88' lang='lat' dir='ltr'>an.</span> 
     </span>
     <span class='ocr_line' id='line_1_34' title="bbox 1693 1301 1775 1367; baseline -0.012 -2"><span class='ocrx_word' id='word_1_317' title='bbox 1693 1301 1775 1367; x_wconf 86' lang='grc'><strong>934.</strong></span> 
     </span>
    </p>
   </div>
   <div class='ocr_carea' id='block_1_6' title="bbox 0 0 2334 6508">
    <p class='ocr_par' dir='ltr' id='par_1_6' title="bbox 0 0 2334 6508">
     <span class='ocr_line' id='line_1_35' title="bbox 0 0 2334 6508; baseline 0 0"><span class='ocrx_word' id='word_1_318' title='bbox 0 0 2334 6508; x_wconf 95' lang='lat' dir='ltr'> </span> 
     </span>
    </p>
   </div>
  </div>
 </body>
</html>
