4658 6508
844 639 854 732 t
881 645 923 708 ⁵⁵
950 640 962 734 r

856 935 940 1002 xvt.

282 1187 472 1257 innomine
496 1183 618 1257 domini
643 1180 695 1252 dei
719 1180 885 1250 salvatoris
908 1179 1009 1250 nostri
1025 1179 1120 1250 lhesu
1141 1179 1259 1249 Christi
1284 1181 1463 1272 imperante
1475 1179 1609 1248 domino
1684 1219 1737 1262 an,

186 1325 298 1384 nostro
313 1313 521 1385 Constantino
538 1333 656 1401 magno
671 1311 867 1402 Imperatore
892 1331 976 1379 anno
993 1306 1146 1377 vicesimo
1162 1319 1277 1402 quarto
1298 1309 1353 1380 sed
1369 1317 1401 1378 et
1416 1329 1552 1376 romano
1576 1317 1608 1378 et
1668 1325 1750 1382 932.

186 1442 414 1536 christophoro
441 1441 510 1512 eius
538 1440 605 1508 lilio
632 1439 758 1530 magnis
784 1438 1035 1532 imperatoribus
1059 1460 1143 1509 anno
1176 1437 1348 1508 undecimo
1376 1438 1429 1508 die
1454 1435 1607 1508 vicesima

187 1569 324 1659 septima
351 1565 469 1635 mensis
501 1564 600 1656 magii
622 1565 799 1634 indictione
821 1562 933 1655 quinta
960 1564 1108 1656 neapoli:
1137 1563 1239 1634 Horta
1264 1573 1311 1635 est
1335 1563 1443 1657 itaque
1471 1563 1607 1632 intentio

188 1692 274 1760 inter
297 1688 391 1758 nobis
415 1689 568 1780 gregorio
594 1685 661 1758 filio
694 1687 827 1780 quidam
853 1687 977 1758 domini
1010 1688 1142 1756 iohanni
1176 1697 1209 1757 et
1242 1690 1335 1758 leone
1375 1687 1441 1758 filio
1476 1686 1609 1780 quidam

189 1815 314 1886 domini
330 1816 478 1908 stephani
495 1817 676 1908 magnifico.
698 1825 731 1886 et
747 1817 900 1909 gregorio
917 1818 985 1886 hlio
1000 1817 1133 1910 quidam
1149 1815 1272 1884 domini
1289 1818 1405 1888 andree
1423 1816 1607 1905 magnifico.

188 1942 252 2014 hoe
279 1955 326 2013 est
353 1942 489 2012 exadelli
511 1943 694 2035 germanis:
719 1951 751 2013 et
771 1965 829 2012 vos
856 1943 1006 2014 videlicet
1032 1965 1146 2012 omnes
1167 1941 1299 2010 heredes
1326 1942 1459 2033 quidam
1484 1941 1612 2010 domini

189 2062 325 2154 aligerni
341 2061 560 2131 stroniulum:
590 2076 622 2134 et
644 2064 778 2134 heredes
801 2063 923 2134 domini
950 2061 1066 2154 sergii:
1093 2074 1125 2130 et
1141 2062 1266 2131 domini
1282 2060 1420 2129 iohanne
1437 2059 1613 2131 veneras-ili

189 2188 299 2258 abbati
323 2189 512 2282 presbytero
535 2209 596 2281 pro
620 2188 837 2259 vicedomini
864 2188 969 2257 basilii
987 2189 1120 2283 quidam
1136 2189 1331 2258 stroniulum
1348 2187 1441 2256 cuius
1468 2187 1539 2256 vice
1555 2209 1614 2256 vos

190 2317 321 2388 tenetis:
353 2319 392 2388 de
415 2315 627 2388 intentionem
642 2341 742 2410 quern
758 2318 842 2388 inter
858 2316 952 2386 nobis
975 2315 1149 2386 habuimus
1170 2319 1210 2387 de
1228 2319 1366 2388 fundora
1390 2319 1440 2410 (1)
1459 2327 1492 2386 et
1518 2319 1614 2385 terris

191 2440 297 2534 posite
313 2439 347 2508 in
363 2439 511 2509 melitum
524 2439 576 2534 (2)
593 2467 601 2510 τ
617 2465 698 2535 quas
714 2443 779 2512 iam
796 2466 854 2535 per
869 2440 995 2512 merissi
1023 2441 1126 2512 divise
1147 2442 1324 2512 habemus:
1355 2443 1440 2512 unde
1457 2441 1618 2512 asserebat

191 2589 265 2660 pars
281 2576 390 2636 nostra
405 2567 592 2637 memoratis
608 2565 744 2637 exadelfi
760 2566 923 2660 germanis
939 2569 1092 2638 adversus
1109 2592 1167 2637 vos
1184 2567 1318 2638 dicendo
1347 2567 1423 2660 quia
1439 2591 1498 2659 per
1522 2566 1618 2636 lortia

276 2965 322 3048 (r)
345 2965 520 3032 Fundere,
541 2969 586 3027 uti
607 2987 732 3049 quoque
751 2986 880 3035 arcora,
902 2963 1029 3035 locoru,
1050 2965 1179 3038 lacera,
1197 2977 1351 3046 protom,
1372 2984 1430 3029 etc.
1454 2970 1622 3048 saepissime

192 3089 360 3138 occurrunt
381 3079 412 3136 in
434 3076 590 3140 veteribus
606 3077 814 3136 monumentis.
832 3074 962 3135 Modum
980 3077 1063 3134 hunc
1077 3076 1273 3155 producendi
1288 3075 1381 3135 simul
1396 3091 1425 3137 et
1440 3079 1623 3160 corripiendi

192 3188 353 3246 nominum
373 3185 472 3246 exitus
491 3186 523 3244 in
544 3184 694 3245 Italorum
715 3182 855 3262 linguam
876 3185 1050 3266 proiectum
1063 3185 1153 3245 luisse
1169 3205 1185 3243 e
1199 3186 1473 3266 Langobardorum
1489 3207 1622 3250 sermone

193 3313 277 3359 ratus
305 3314 350 3358 cst
377 3297 735 3380 Cangius(v.arcora).
765 3303 805 3362 At
830 3299 970 3360 maffeius
991 3298 1072 3380 (Ist.
1097 3304 1173 3379 Dr'p.
1191 3321 1267 3380 pag.
1290 3301 1404 3384 172),
1426 3317 1457 3364 et
1478 3305 1624 3364 Marinius

196 3412 298 3492 (Pap.
313 3411 396 3489 Dip.
407 3431 482 3490 pag.
502 3412 609 3496 364.)
631 3411 756 3472 modum
777 3413 921 3472 eumdem
942 3413 1050 3473 multis
1071 3429 1142 3475 ante
1162 3415 1435 3494 Langobardorum
1458 3417 1624 3481 adventurn

193 3522 284 3582 anuis
307 3521 339 3580 in
359 3521 457 3582 latina
478 3521 629 3582 vocabula
650 3523 801 3603 irrepsisse
823 3523 926 3602 palam
949 3526 1034 3583 nobis
1056 3523 1200 3587 lecerunt.

275 3627 320 3710 (a)
342 3628 418 3688 Cum
438 3627 567 3689 Pratillo
586 3643 700 3690 vetusta
720 3632 867 3711 quaedam
887 3635 1077 3695 instrumenta
1098 3635 1287 3718 perlustranti
1318 3641 1488 3699 occurrisset
1517 3643 1626 3700 mentio

194 3741 331 3800 Meliaru'
341 3783 352 3807 ,
371 3741 521 3816 Melani,
544 3764 578 3801 ac
602 3745 743 3804 Malr'ani
752 3790 763 3814 ,
784 3748 815 3804 in
835 3768 886 3805 sua
907 3745 993 3806 docta
1015 3747 1176 3808 admodum
1207 3749 1404 3810 dissertatione
1424 3751 1461 3811 de
1481 3754 1623 3828 Liburia,

194 3868 255 3926 qua
276 3847 517 3927 langobardicam
530 3852 702 3931 Pellegrinii
717 3850 912 3934 locupletavit
925 3858 1097 3936 historiam,
1122 3859 1133 3941 (
1153 3861 1189 3921 T.
1204 3859 1272 3921 III.
1289 3881 1366 3940 pag.
1383 3860 1472 3941 258)
1493 3863 1627 3942 opinatus

194 3975 238 4020 est
258 3961 427 4020 huiusmodi
442 3964 606 4023 nominibus
626 3965 743 4025 sortasse
757 3965 927 4028 denotatum
940 3969 1025 4029 fuisse
1046 3971 1119 4031 olim
1133 3974 1252 4050 vicum,
1272 3974 1324 4053 qui
1340 3995 1417 4032 nunc
1428 3975 1541 4034 Melite
1555 3973 1628 4032 vul-

195 4090 234 4149 go
253 4084 453 4152 nuncupatur.
475 4076 514 4131 ht
534 4074 682 4135 enimvero
702 4077 839 4138 eumdem
860 4081 941 4140 hunc
961 4083 1063 4142 vicum
1083 4086 1246 4164 antiquiore
1266 4084 1315 4145 vel
1341 4105 1413 4143 aevo
1440 4083 1626 4164 appellatum

194 4181 281 4242 fuisse
296 4183 447 4243 Melitam
468 4198 610 4245 testantur
631 4201 696 4248 turn
716 4211 848 4271 praesens
869 4193 1064 4272 membrana,
1085 4208 1150 4255 tum
1171 4196 1247 4256 aliae
1262 4197 1502 4278 quamplurimae
1518 4196 1556 4256 ad
1578 4217 1627 4258 ve·

196 4309 273 4356 tusta
289 4296 359 4355 item
380 4297 497 4357 saecula
518 4312 698 4379 spectantes,
719 4302 749 4360 in
769 4303 876 4382 quibus
897 4307 1052 4366 Melitam
1068 4322 1120 4367 aut
1134 4309 1292 4369 Maritum
1312 4310 1490 4384 memorari,
1514 4310 1627 4373 adiecto

196 4407 374 4489 plerumque
393 4405 438 4491 epi
459 4412 593 4487 Maius,
616 4411 755 4474 Claritius
769 4412 869 4474 docuit
890 4413 990 4498 (pag.
1007 4435 1062 4498 177
1073 4419 1093 4499 ).
1110 4423 1300 4502 Quapropter
1314 4423 1431 4480 nomina
1451 4421 1528 4496 illa,
1550 4443 1627 4503 quae

194 4516 339 4578 Pratillus
359 4519 524 4600 expiscatus
543 4520 623 4597 fuit,
645 4521 718 4583 alios
738 4545 755 4583 a
777 4525 888 4585 Melite
908 4529 988 4588 vicos
1008 4527 1147 4590 indicasse
1168 4532 1365 4608 arbitramur,
1391 4553 1519 4612 quorum
1540 4533 1627 4592 nulla

195 4627 234 4689 ad
253 4643 382 4690 nostram
402 4643 528 4691 aetatem
548 4635 669 4715 vestigia
689 4652 911 4718 perennarunt,
944 4661 1002 4700 non
1032 4661 1112 4701 secus
1144 4665 1179 4702 ac
1210 4645 1332 4726 contigit
1355 4643 1540 4723 Mah'tello,
1568 4647 1629 4707 sire

195 4741 311 4802 Melite
325 4743 479 4819 presule,
501 4742 538 4802 de
557 4763 618 4824 quo
638 4744 715 4806 idem
737 4749 869 4808 meminit
890 4749 1027 4811 Claritius
1048 4751 1061 4834 (
1071 4773 1146 4833 pag.
1170 4755 1228 4814 168
1257 4764 1288 4814 ee
1308 4773 1361 4834 ¹7⁰
1374 4755 1396 4836 ).
1432 4757 1539 4817 Metto·
1557 4777 1629 4818 vero

196 4871 304 4910 nomen
323 4871 382 4911 non
402 4852 521 4914 aliunde
542 4858 711 4918 arcessitum
740 4859 858 4920 videtur
887 4883 980 4942 quam
1010 4883 1027 4923 a
1058 4863 1181 4940 μῆλοις,
1212 4885 1318 4948 nempe
1349 4869 1469 4950 pomis,
1499 4889 1629 4950 quorum

187 4958 357 5026 ¹etiamdum
378 4959 568 5027 feracissimus
589 4966 744 5028 melitanus
765 4983 807 5030 est
827 4991 930 5053 pagus.
