4616 6532
895 1383 923 1459 Ι.
950 1391 1002 1484 (t)

225 1706 276 1836 lu
300 1768 432 1840 nomine
456 1770 581 1842 domini
604 1771 656 1842 dei
681 1769 847 1842 salbatoris
871 1775 974 1843 nostri
1003 1772 1101 1847 Iiresu
1132 1771 1253 1844 Christi
1291 1783 1415 1846 certum
1445 1796 1480 1845 es
1511 1794 1563 1843 me
1589 1774 1653 1843 sel·
1728 1799 1778 1846 an.

225 1895 343 1966 berada
367 1897 484 1968 relecta
503 1897 550 1992 (a)
574 1921 812 1968 .......cum
836 1899 963 1970 leonem
993 1900 1076 1970 iiiios
1099 1921 1191 1969 meus
1215 1899 1391 1991 suscepisse
1416 1907 1448 1970 et
1484 1900 1651 1992 suscepia
1714 1907 1794 1969 703.

224 2020 317 2092 bobis
331 2033 424 2112 petro
440 2021 700 2094 reberentissimo
716 2021 912 2093 subdiacono
927 2031 1034 2094 sancte
1051 2021 1182 2093 ecclesie
1196 2023 1403 2114 neapoletaue
1417 2031 1449 2095 et
1463 2022 1653 2114 dispositore
1723 2032 1778 2092 aut

224 2147 410 2230 monasterii
433 2160 618 2222 sauctorum
641 2145 789 2222 theodori
813 2156 846 2218 et
867 2145 1045 2218 sebasteaui
1072 2145 1119 2240 (3)
1148 2167 1208 2239 pro
1232 2145 1393 2218 metietate
1426 2147 1653 2217 mauremuudi
1709 2154 1790 2219 748.

304 2527 496 2610 (1)Abhoc
518 2525 709 2610 potissimum
730 2528 931 2607 documento,
954 2527 1039 2612 quod
1060 2529 1283 2612 autographum
1299 2527 1423 2612 quidem
1437 2549 1498 2592 uon
1520 2543 1583 2602 est,
1604 2529 1656 2589 scd

222 2637 396 2718 exemplum
412 2681 422 2714 ,
445 2651 579 2699 nostram
597 2637 843 2700 membranarum
862 2637 1012 2715 σνλλόγην
1032 2639 1180 2721 auspicari
1201 2639 1300 2700 visum
1315 2654 1376 2714 est,
1398 2653 1557 2721 propterea
1572 2637 1657 2719 quod

223 2750 366 2811 omnibus
387 2751 616 2833 insequentibus
636 2751 821 2813 membranis
840 2753 942 2833 ipsum
973 2753 1153 2834 antiquitate
1182 2765 1322 2833 praestat.
1353 2752 1549 2832 Quamquam
1574 2753 1658 2814 enim

222 2879 341 2946 praeter
362 2865 444 2926 diem
465 2867 623 2947 septimum
658 2867 768 2928 mensis
802 2866 903 2927 martii
933 2879 963 2927 et
992 2867 1123 2947 primam
1143 2863 1365 2943 indictionem,
1397 2865 1489 2927 nulla
1517 2864 1655 2948 prolecto

224 2975 286 3039 alia
306 2978 522 3059 chronologica
543 2980 574 3037 in
596 2998 631 3040 eo
652 2991 793 3039 occurrat
813 2989 909 3055 uota,
940 2978 1033 3059 ipsius
1053 2993 1156 3039 tamen
1177 2992 1335 3040 contextus
1358 2979 1439 3040 inter
1464 2978 1585 3062 reliqua
1604 2979 1655 3039 iu-

224 3089 390 3151 risiurandi
410 3091 508 3150 verba
528 3089 602 3148 haec
622 3090 739 3150 babet:
770 3101 800 3147 et
818 3088 952 3144 salutem
976 3087 1202 3162 gloriosissimi
1222 3088 1348 3170 domini
1373 3089 1509 3166 ihusulfl
1535 3089 1657 3149 sumnsc'

225 3201 338 3262 ducis:
363 3205 397 3262 in
417 3199 500 3260 calce
521 3219 592 3261 vero
612 3197 751 3278 legitur:
783 3205 889 3256 actum
910 3197 945 3254 in
964 3193 1136 3257 decedente.
1156 3195 1240 3256 Hinc
1270 3213 1342 3256 sanc
1369 3195 1486 3258 eruitur
1505 3197 1656 3281 Gisulphi

226 3316 431 3376 Beneventani
452 3313 545 3374 Ducis
566 3309 753 3390 temporibus
775 3309 998 3392 autographum
1020 3307 1108 3371 luisse
1128 3308 1293 3372 conditum.
1310 3309 1388 3372 Cum
1408 3330 1484 3374 vero
1504 3311 1566 3372 duo
1587 3329 1658 3375 tan·

226 3439 292 3484 tum
313 3421 458 3502 Gisulphi
480 3420 645 3482 beneventi
666 3417 806 3499 deinceps
835 3419 1012 3503 imperarint
1027 3461 1038 3496 ‚
1072 3439 1127 3480 nos
1158 3416 1275 3481 idcirco
1294 3420 1405 3481 mensis
1426 3434 1457 3481 et
1475 3419 1651 3484 indictionis

222 3533 329 3592 habita
350 3535 489 3608 ratione,
512 3531 612 3611 ipsum
632 3544 686 3591 aut
706 3549 788 3590 antro
810 3529 868 3610 703
888 3530 944 3591 snb
964 3527 1119 3611 Gisnlpbo
1139 3527 1186 3607 1.,
1217 3543 1270 3590 ant
1290 3549 1373 3591 auno
1394 3535 1452 3611 748
1474 3533 1530 3592 sub
1550 3533 1658 3595 Gisul-

224 3647 286 3727 pho
307 3649 347 3706 Ii.
369 3645 509 3706 duximus
529 3659 694 3708 exaratum.

305 3759 351 3842 (2)
372 3761 504 3820 Rclccto
534 3781 590 3839 pro
611 3760 743 3835 relicta,
766 3757 846 3820 idest
866 3758 977 3819 vidua.

306 3869 352 3952 (3)
372 3871 599 3934 Vetustissimos
613 3871 695 3932 inter
710 3869 848 3931 ecclesias
863 3870 1072 3950 neapolitanae
1086 3883 1255 3930 recensetur
1275 3887 1322 3944 ea,
1337 3887 1416 3950 quae
1426 3867 1478 3930 SS.
1488 3869 1655 3930 Theodoro

227 3996 257 4040 et
276 3979 451 4040 Sebastiano
471 3977 572 4036 dicata
593 3975 652 4037 luit
670 3979 701 4038 in
715 3976 805 4052 loco,
827 3977 880 4036 ubi
895 3980 927 4040 S.
941 3975 1108 4038 Sebastiani
1122 3995 1206 4035 nunc
1217 3991 1299 4038 extat
1313 3981 1538 4040 monasterium.
1555 3981 1659 4061 Ipsam

227 4116 244 4153 a
259 4087 459 4154 Constantino
473 4087 516 4147 M.
535 4085 688 4147 conditam
708 4097 790 4145 ratus
810 4099 852 4147 est
867 4085 1025 4165 Eugenius
1044 4083 1139 4164 (pag.
1153 4083 1224 4145 226
1234 4082 1254 4164 ).
1269 4081 1431 4162 Quoddam
1453 4105 1526 4149 vero
1547 4089 1659 4149 inven-

227 4203 338 4263 tarium
352 4217 434 4258 anuo
452 4197 529 4266 1423
549 4196 772 4275 conscriptum,
794 4205 995 4275 nostrumque
1016 4194 1049 4254 iu
1071 4193 1245 4256 Archivum
1266 4215 1327 4254 una
1348 4214 1418 4255 curn
1438 4194 1468 4255 S.
1489 4195 1655 4258 Sebastiani

227 4312 407 4376 membranis
429 4309 580 4382 delatum,
597 4305 825 4370 exaedificatam
844 4306 942 4366 tribus
957 4303 1049 4366 luisse
1069 4307 1158 4367 annis
1179 4319 1248 4388 post
1267 4305 1401 4368 eiusdem
1415 4309 1519 4370 Sancti
1539 4325 1658 4392 marty-

226 4427 308 4486 rium
333 4422 436 4486 tradit.
457 4421 610 4483 Ecclesiae
629 4419 703 4480 huic
724 4416 864 4479 additum
887 4415 944 4478 fuit
964 4414 1206 4492 monasterinm,
1228 4415 1312 4496 quod
1332 4416 1465 4499 primum
1486 4415 1633 4477 basiliani
1644 4429 1654 4496 ',

228 4534 337 4596 deinde
367 4531 559 4596 benedictini
581 4527 758 4590 coenobitae
777 4525 983 4588 incoluerunt.
1011 4525 1083 4586 Huc
1110 4537 1211 4608 postea
1237 4544 1360 4607 quoque
1392 4525 1561 4607 migrarunt
1586 4547 1657 4588 mo-

226 4650 320 4709 nachi
352 4645 444 4710 ess.
464 4643 560 4725 Sergii
586 4655 617 4704 et
637 4640 751 4702 liaccbi
771 4638 953 4700 monasterio
968 4684 978 4715 ,
1016 4636 1103 4719 quod
1130 4635 1256 4716 quidem
1275 4637 1359 4698 baud
1385 4637 1417 4698 in
1437 4640 1560 4720 regione
1590 4641 1657 4699 fur-

230 4759 383 4834 cellensi,
418 4771 453 4826 ut
473 4755 513 4836 ait
532 4751 714 4834 Eugenius,
744 4767 853 4810 verum
872 4749 905 4808 in
926 4746 1102 4810 Lucullano
1121 4745 1242 4809 extabat
1261 4747 1388 4824 Castro,
1421 4760 1457 4808 ut
1481 4767 1498 4807 e
1519 4747 1656 4827 quodam

229 4873 297 4933 anni
329 4889 404 4950 1107
436 4869 635 4929 instrumento
665 4860 864 4944 colligimus,
901 4873 931 4920 et
961 4857 1109 4921 Claritius
1137 4869 1262 4920 testatus
1293 4854 1353 4918 luit
1383 4855 1396 4940 (
1411 4876 1493 4937 pog.
1523 4857 1588 4918 230
1626 4868 1657 4918 et

230 4983 330 5063 234).
353 4977 553 5062 Quandomm
579 4990 681 5038 autem
703 4972 910 5054 commigratio
930 4973 1006 5032 baec
1036 4970 1194 5046 creuerit,
1217 4965 1299 5028 nihii
1321 4970 1392 5031 certi
1415 4967 1517 5031 afferri
1538 4983 1653 5054 potcst;

1253 5094 1266 5149 1
