4658 6508
1298 527 1418 622 (⁵8)

657 750 784 772 ......
794 697 912 771 exinde
936 691 1157 766 securitatem:
1184 688 1460 784 quodetlactum
1478 697 1575 758 estet
1593 707 1666 758 ecce
1686 685 1721 757 in
1742 689 1898 778 presentis
1923 689 2074 780 suscepi-

650 853 723 900 mus
750 851 769 897 a
797 825 890 896 robis
913 829 1129 894 memoratum
1145 827 1381 890 sacramentum
1398 825 1430 888 et
1458 814 1665 888 delinivimus
1683 817 1722 887 de
1738 827 1917 886 memorata
1940 818 2078 888 fundora

653 967 684 1026 et
701 955 795 1027 terris
812 952 904 1022 vobis
921 972 997 1020 cum
1014 948 1047 1019 in
1076 946 1245 1021 omnibus:
1279 958 1311 1016 et
1337 947 1453 1017 amodo
1470 951 1503 1016 ct
1525 967 1652 1037 semper
1667 968 1773 1036 neque
1797 971 1815 1014 a
1838 945 1931 1018 nobis
1948 970 2080 1018 memo-

651 1081 728 1150 ratis
754 1079 890 1150 exadelfi
908 1076 1070 1171 germanis
1087 1098 1193 1168 neque
1211 1098 1229 1142 a
1258 1073 1375 1143 nostris
1392 1073 1565 1144 heredibus
1580 1097 1687 1166 neque
1705 1098 1722 1142 a
1749 1073 1841 1144 nobis
1862 1076 2007 1166 personis
2023 1099 2080 1144 su·

651 1207 782 1277 missam
811 1207 901 1278 nullo
928 1219 1074 1300 tempore
1101 1225 1283 1296 numquam
1309 1201 1425 1272 exinde
1453 1200 1596 1274 habeatis
1613 1225 1819 1298 quacumque
1834 1203 2080 1296 requisitionem

653 1345 708 1404 aut
725 1331 900 1404 calumnias
920 1355 1026 1426 neque
1056 1354 1114 1402 vos
1130 1327 1317 1400 memoratis
1334 1349 1445 1399 omnes
1467 1328 1601 1402 heredes
1623 1329 1754 1422 quidam
1784 1331 1916 1404 domino
1944 1333 2082 1425 aligerni

655 1460 804 1530 stroniuli
832 1470 863 1531 et
891 1460 1025 1530 heredes
1054 1459 1188 1553 quidam
1217 1455 1341 1529 domini
1368 1455 1466 1550 sergii
1490 1468 1523 1528 et
1552 1457 1685 1526 domino
1711 1457 1851 1533 iohanne
1886 1459 1993 1530 abbati
2021 1484 2082 1554 pro

654 1586 726 1655 uice
750 1586 884 1679 quidam
913 1582 1037 1655 domini
1060 1581 1168 1654 basilii
1195 1606 1301 1677 neque
1317 1583 1432 1654 vestris
1448 1582 1622 1656 heredibus
1652 1607 1709 1657 seu
1726 1585 1861 1676 posteris
1878 1610 1939 1680 per
1955 1588 2082 1657 nullum

656 1714 792 1782 modum
822 1713 856 1781 in
884 1722 1103 1803 perpetuum:
1135 1711 1267 1802 insuper
1290 1733 1352 1803 ego
1375 1722 1573 1781 memoratus
1597 1713 1766 1806 gregorius
1783 1720 1818 1782 'et
1846 1712 1980 1784 heredes
2002 1714 2083 1784 meis

657 1837 750 1908 robis
784 1836 964 1931 vestrisque
996 1837 1169 1908 heredibus
1202 1859 1259 1908 seu
1291 1835 1427 1928 posteris
1462 1837 1575 1908 vestris
1611 1841 1748 1931 desuper
1783 1839 1895 1909 tollere
1928 1839 2084 1930 promitto

657 1987 827 2057 germanos
844 1963 925 2033 meis
952 1971 984 2033 et
1011 1963 1145 2032 heredes
1174 1962 1307 2056 quidam
1336 1963 1461 2034 domini
1487 1962 1631 2056 gregorii
1655 1964 1745 2035 barii
1768 1965 1831 2033 mei
1849 1989 1857 2032 :
1875 1977 1907 2035 et
1924 1989 1982 2035 nos
2010 1989 2086 2036 me-

658 2101 802 2160 moratur
827 2091 879 2160 leo
912 2101 944 2160 et
971 2089 1142 2183 gregorius
1168 2088 1303 2162 iterum.
1320 2090 1605 2184 ...promittimus
1634 2093 1773 2186 desuper
1801 2116 1860 2162 nos
1889 2105 1921 2164 et
1953 2093 2087 2165 heredes

658 2218 776 2288 nostris
805 2239 918 2288 omnes
945 2239 1117 2310 germanos
1140 2219 1283 2289 nostris:
1314 2229 1346 2289 et
1372 2217 1507 2288 heredes
1534 2218 1666 2312 quidam
1674 2268 1849 2290 ........
1858 2222 1988 2292 nostri:
2012 2223 2088 2316 quia

660 2349 705 2416 sic
731 2347 815 2416 inter
833 2345 927 2419 nobis
943 2345 1053 2415 stetit:
1073 2344 1204 2438 quodsi
1221 2353 1254 2414 et
1271 2345 1540 2440 quotiescumque
1557 2356 1702 2438 tempore
1720 2346 1787 2417 sive
1803 2371 1862 2418 nos
1879 2348 1931 2418 vel
1952 2349 2088 2422 heredes

658 2473 777 2544 nostris
793 2482 905 2542 contra
920 2473 1003 2542 bane
1019 2471 1199 2544 chartulam
1214 2471 1393 2544 securitatis
1415 2473 1609 2544 delinitionis
1639 2474 1747 2545 venire
1764 2479 2033 2568 presumserimus
2056 2492 2088 2549 et

659 2625 696 2670 ea
721 2600 814 2669 irrita
830 2600 884 2669 vel
904 2597 1007 2668 bacua
1034 2599 1139 2671 lacere
1167 2598 1411 2670 temtaverimus
1437 2623 1497 2692 per
1523 2600 1640 2692 quobis
1667 2605 1802 2674 modum
1829 2617 1885 2676 aut
1918 2608 2087 2677 sumissam

660 2748 831 2819 personam
849 2731 926 2793 tunc
942 2724 1167 2816 componimus
1184 2745 1242 2792 nos
1265 2723 1322 2816 qui
1339 2746 1437 2816 supra
1461 2723 1596 2794 exadelli
1625 2726 1784 2818 germanis
1813 2737 1845 2797 et
1872 2727 2006 2801 heredes
2023 2755 2089 2800 no-

664 2856 750 2925 stris:
770 2852 862 2926 vobis
880 2852 938 2948 qui
961 2875 1058 2946 supra
1074 2875 1187 2922 omnes
1218 2852 1353 2923 heredes
1376 2861 1557 2921 memorato
1575 2852 1709 2922 domino
1728 2855 1895 2946 aligerno:
1927 2869 1959 2927 et
1990 2858 2090 2930 bere·-

663 2981 717 3052 des
734 2980 860 3052 domini
881 2979 979 3072 sergii
1002 2979 1133 3074 quidam
1157 2989 1189 3052 et
1213 2978 1345 3050 domino
1371 2977 1516 3048 Iohanne
1544 2979 1656 3048 abbate
1683 3004 1744 3073 pro
1769 2983 1841 3054 rice
1869 2986 1999 3077 quidam
2023 2989 2090 3055 do-

661 3105 742 3174 mini
765 3106 870 3176 basilii
897 3117 932 3178 et
958 3119 991 3176 at
1018 3109 1152 3179 heredes
1181 3105 1296 3176 vestris
1323 3127 1381 3177 seu
1405 3113 1437 3171 at
1461 3104 1597 3194 posteris
1620 3107 1733 3178 vestris
1751 3131 1853 3199 poene
1871 3111 2000 3181 nomine
2018 3116 2091 3186 auri

661 3233 744 3302 libra
766 3255 831 3301 una
857 3232 1044 3326 bytiantea:
1072 3244 1104 3304 et
1129 3234 1190 3303 hec
1223 3233 1377 3304 securitas
1414 3243 1450 3302 ut
1475 3256 1572 3325 super
1603 3231 1723 3325 legitur
1751 3235 1791 3305 sit
1820 3237 1937 3306 firnra:
1973 3238 2089 3330 scripta

663 3383 721 3451 per
748 3381 883 3430 manum
907 3361 1002 3433 leone
1030 3357 1158 3434 curialis
1186 3358 1325 3432 scrihere
1351 3369 1547 3452 rogaverunt
1574 3382 1631 3452 per
1657 3369 1835 3433 memorata
1863 3365 1974 3460 quinta
1999 3366 2089 3436 indi-

662 3486 769 3558 ctione
777 3537 1288 3564 ......................
1297 3483 1460 3561 similiter.
1476 3535 1484 3550 .
1500 3536 1509 3556 .

665 3832 806 3898 sedeate
827 3829 1010 3909 admissionis,
1041 3831 1087 3893 uti
1108 3829 1351 3893 animaduersum
1371 3827 1430 3888 tuit
1451 3848 1467 3886 a
1488 3825 1617 3888 Claritio
1638 3826 1737 3908 (pag.
1753 3823 1807 3906 ὅ).
1834 3825 1968 3903 Quidam
1989 3838 2089 3888 tamen

666 3945 887 4021 cohaeredum,
908 3947 987 4006 inter
1008 3964 1085 4024 quos
1105 3941 1229 4023 praedia
1244 3941 1345 4004 divisa
1367 3937 1505 4015 sueram,
1538 3939 1682 4000 adversus
1700 3936 1833 4018 reliquos
1854 3936 1933 4020 apud
1954 3936 2090 4000 Iudicem

668 4061 913 4136 contenderunt,
944 4057 1140 4120 adfirmantes
1161 4077 1267 4119 corum
1290 4071 1427 4117 auctores
1448 4056 1581 4138 quadam
1603 4053 1798 4133 praediorum
1829 4068 1913 4135 parte
1942 4075 1997 4134 per
2022 4056 2090 4114 vim

668 4174 779 4258 potitos
799 4174 915 4248 luisse,
947 4184 1108 4254 antequam
1129 4169 1239 4232 divisio
1259 4172 1325 4250 ipsa
1347 4172 1428 4228 facta
1449 4170 1560 4229 luisset.
1582 4169 1619 4228 lis
1645 4181 1769 4244 autern,
1800 4183 1904 4228 contra
1932 4189 2008 4248 quos
2030 4169 2090 4230 hoo

668 4289 785 4353 iudicio
805 4288 975 4371 agebatur,
1011 4307 1082 4348 curn
1103 4288 1204 4348 omnia
1225 4285 1364 4347 deessent
1378 4284 1583 4351 documenta,
1605 4284 1739 4368 oportuit
1760 4301 1794 4346 ut
1814 4281 2016 4367 quadraginta
2034 4305 2090 4344 an-

670 4423 781 4464 norum
801 4401 1043 4486 praescriptionis
1063 4401 1153 4460 titulo
1174 4419 1235 4460 sese
1257 4412 1420 4460 tuerentur.
1442 4401 1507 4458 lam
1528 4417 1600 4457 vero
1622 4416 1693 4458 cum
1714 4395 1796 4478 apud
1810 4397 2025 4477 Langobardos
2046 4397 2091 4458 le«

668 4539 704 4600 ge
718 4529 840 4576 cautum
861 4528 935 4574 esset
945 4557 954 4588 ,
977 4534 1016 4574 ne
1031 4510 1210 4576 cohaeredes
1230 4515 1264 4574 in
1278 4510 1457 4573 huiusmodi
1479 4507 1678 4570 divisionibus
1699 4508 1782 4568 ultra
1802 4531 1913 4572 anuum
1924 4509 1990 4570 XL.
2004 4509 2089 4572 iudi-

671 4631 752 4692 cium
772 4629 810 4690 de
831 4625 963 4688 laesione
985 4624 1142 4688 intendere
1161 4639 1302 4709 possent,
1326 4640 1356 4685 et
1378 4624 1416 4684 de
1436 4627 1496 4685 hae
1519 4598 1758 4706 praescriptione
1781 4623 1813 4684 in
1826 4626 1976 4707 praesenti
1989 4639 2090 4684 nostra

669 4742 843 4806 membrana
863 4759 958 4802 sermo
978 4738 1035 4814 sit,
1062 4739 1136 4798 binc
1157 4749 1240 4820 patet
1261 4736 1293 4794 in
1315 4735 1521 4798 diiudicandis
1555 4733 1764 4797 controversiis
1796 4732 1828 4792 id
1858 4756 1953 4816 genus
1986 4751 2089 4798 nostra

667 4853 866 4938 municipalia
888 4855 1027 4916 instituta
1048 4853 1318 4935 Langobardorum
1339 4852 1415 4933 leges
1435 4850 1614 4939 quaudoque
1634 4861 1734 4910 seeum
1754 4845 1855 4908 luisse.
