4616 6532
1534 683 1643 739 XXIX

216 821 336 934 positi
363 819 585 924 extitisset,
616 847 701 932 quo
729 819 932 905 nimirum
959 819 1088 908 bonos
1107 825 1371 938 praeripere,
1393 825 1514 912 malis
1542 857 1642 914 vero

212 993 384 1076 parcere
411 961 652 1066 consuevit,
689 963 846 1074 optime
874 960 1048 1075 quidem
1079 961 1132 1047 de
1165 963 1246 1049 hoc
1278 966 1368 1077 ipso
1402 965 1642 1053 eruditionis

212 1139 358 1223 genere
386 1109 560 1192 meritus
588 1124 689 1190 esset
716 1104 1006 1192 dilectissimus
1033 1108 1185 1219 collega
1213 1129 1352 1196 noster
1392 1113 1638 1220 Quaranta,

214 1257 282 1341 cui
310 1248 597 1368 perdocendae
615 1247 918 1360 Diplomaticae
942 1251 1022 1335 Rei
1050 1251 1196 1335 munia
1224 1251 1394 1338 laudato
1423 1256 1467 1340 in
1491 1257 1641 1343 Archi-

212 1403 428 1513 gymnasio
455 1414 546 1508 post
575 1393 853 1478 Iustiniannm
882 1391 1133 1480 demandata
1162 1395 1345 1482 fuerunt.

315 1540 427 1623 Cum
455 1553 641 1620 vetustae
670 1563 768 1646 opes
796 1553 960 1620 nostrae
989 1535 1211 1621 studiosius
1255 1536 1422 1620 interim
1450 1539 1641 1622 revolve-

209 1702 382 1786 rentur,
403 1679 487 1764 huc
515 1709 685 1792 quoque
713 1680 862 1763 mentis
889 1707 988 1764 suae
1015 1679 1402 1792 providentissimae
1430 1683 1640 1790 cogitatio-

210 1855 308 1910 nem
350 1819 642 1937 appellandam
684 1837 798 1903 ratus
838 1837 898 1904 est
931 1819 1113 1930 optimus
1141 1822 1237 1904 Rex
1283 1819 1573 1908 Ferdinandus
1602 1824 1636 1927 I,

208 1973 282 2084 qui
310 1969 433 2053 rebus
460 1964 713 2080 populorum
741 1963 952 2065 omnium,
974 1981 1068 2072 post
1087 1961 1286 2048 diuturna
1307 1993 1356 2048 ac
1375 1965 1640 2050 turbulentis-

207 2119 314 2201 sima
331 2111 467 2216 bella,
488 2107 660 2192 tandem
688 2105 914 2218 aliquando
933 2109 1191 2219 compositis,
1212 2109 1385 2195 huiusce
1404 2109 1534 2220 Regni
1562 2141 1639 2221 gu-

206 2256 429 2347 bernacula
471 2269 746 2366 recuperarat.
796 2251 944 2362 Itaque
978 2279 1063 2334 non
1091 2251 1218 2335 modo
1246 2253 1332 2362 lege
1362 2283 1411 2336 ac
1444 2254 1639 2340 institutis

204 2395 511 2511 sapientissimis
538 2420 689 2501 magno
716 2389 815 2474 huic
843 2392 1105 2503 neapolitano
1129 2393 1344 2500 Archiv0,
1386 2424 1435 2478 ac
1468 2398 1636 2512 reliquis

204 2541 369 2626 ditionis
397 2567 496 2623 suae
524 2533 738 2620 tabulariis
766 2535 956 2645 apprime
975 2534 1205 2639 consuluit,
1228 2565 1380 2620 verum
1400 2537 1527 2620 etiam
1544 2567 1636 2620 san·

202 2689 280 2792 xit,
311 2705 361 2772 ut
380 2681 723 2794 Palaeographiae
743 2679 953 2766 Cathedra
974 2683 1023 2764 iis
1043 2701 1354 2786 accenseretur,
1378 2684 1532 2796 quibus
1552 2685 1637 2768 Re-

202 2834 317 2942 gium
345 2845 502 2914 constat
521 2825 947 2934 Archigymnasium,
970 2825 1058 2908 eius
1079 2855 1181 2909 vero
1200 2826 1441 2910 Antecessor
1460 2825 1634 2912 selectae

203 2973 473 3056 alumnorum
502 2963 663 3048 cohorti
690 2963 806 3076 apud
833 2962 947 3048 idem
989 2992 1188 3072 magnum
1230 2965 1468 3049 Archivum
1497 2966 1540 3048 in
1569 2995 1635 3050 as·

201 3111 422 3228 sequendis
461 3127 654 3190 veterum
696 3105 1043 3198 membranarum
1086 3105 1248 3189 arcanis
1289 3105 1482 3215 praeiret.
1520 3106 1632 3190 Cum

201 3270 415 3367 praeterea
445 3247 600 3354 Regem
629 3244 767 3354 ipsum
802 3241 977 3324 minime
1020 3242 1164 3325 lateret
1206 3243 1323 3327 nobis
1364 3241 1631 3353 diplomatico

200 3397 392 3507 inprimis
419 3419 525 3504 opus
558 3417 643 3474 esse
682 3382 855 3487 codice,
897 3383 1010 3468 hunc
1053 3383 1178 3468 simul
1212 3385 1330 3469 iussit
1356 3387 1627 3494 elucubrari,

199 3571 247 3624 ac
275 3537 506 3650 diplomata
540 3529 762 3632 universa,
790 3528 964 3640 quaein
985 3527 1172 3612 Archivo
1192 3546 1533 3635 asservarentur,
1564 3559 1630 3614 or-

198 3685 294 3769 dine
321 3706 525 3794 perquam
571 3690 764 3759 accurato
792 3668 950 3781 digeri,
982 3687 1031 3754 ut
1059 3669 1270 3783 quidquid
1314 3672 1628 3784 locupletandae

198 3827 425 3925 historiae,
448 3849 496 3902 ac
515 3819 676 3929 reliquo
695 3813 916 3896 literarum
950 3830 991 3894 et
1023 3813 1182 3896 artium
1217 3815 1439 3923 apparatui
1467 3844 1629 3901 accom-

198 3970 417 4058 modatum
452 3964 556 4048 inibi
590 3975 801 4058 exstaret,
837 3983 921 4045 non
955 3983 1073 4064 aegre
1100 3955 1271 4067 posthac
1299 3957 1390 4041 erui
1418 3977 1566 4070 posset.

309 4112 421 4195 Cum
448 4108 506 4189 ita
536 4133 621 4187 sese
650 4130 714 4184 res
742 4101 974 4202 haberent,
1006 4126 1083 4210 par
1113 4127 1382 4212 aequumque
1416 4096 1532 4186 nohis
1562 4105 1626 4188 vi-

195 4285 291 4343 sum
318 4271 378 4336 est
406 4244 681 4357 augustissimi
709 4237 966 4326 Ferdinandi
996 4239 1015 4322 I
1045 4237 1245 4323 mandata
1284 4239 1460 4326 demum
1480 4239 1625 4356 exple-

194 4429 274 4500 re,
321 4420 369 4475 ac
397 4385 523 4474 simul
551 4379 835 4467 obsecundare
864 4379 1071 4466 voluntati
1101 4379 1222 4488 Regis
1264 4381 1520 4469 Ferdinandi
1550 4388 1621 4492 Il,

195 4537 269 4652 qui
296 4561 379 4618 non
396 4526 561 4612 „minori
578 4587 594 4627 ,
614 4549 745 4634 quarn
764 4521 907 4623 Avus,
934 4518 1218 4603 munificentia
1237 4521 1474 4607 studiorum
1493 4524 1536 4609 id
1556 4555 1623 4636 ge-

194 4711 272 4766 nus
299 4670 529 4790 progressui
557 4663 802 4750 velificatur.
835 4663 969 4748 Simul
998 4682 1157 4748 nostros
1190 4665 1351 4750 animos
1379 4667 1620 4754 inflamma-

195 4839 295 4908 runt
344 4836 384 4902 et
430 4832 672 4899 exterorum
715 4805 974 4909 aemulatio,
1026 4825 1066 4888 et
1112 4805 1311 4890 adversus
1350 4813 1620 4924 nosmetipsos

193 4961 418 5076 indignatio
464 4953 712 5072 quaedam,
745 4981 793 5034 eo
832 4948 948 5062 quod
978 4968 1035 5034 tot
1064 4949 1300 5062 praeclarae
1320 4979 1417 5065 opes
1455 4973 1618 5043 nostrae
