4658 6508
1312 627 1324 719 t
1350 630 1435 724 2⁶)

659 779 797 848 christi:
823 783 897 848 ante
922 775 1062 846 tribunal
1085 776 1196 846 christi
1221 777 1296 872 (3):
1323 787 1356 848 et
1379 799 1477 870 super
1499 776 1560 848 hec
1584 779 1694 848 omnia
1726 777 1811 848 mala
1841 785 2014 870 componat
2030 777 2090 847 tibi

662 907 792 999 tuisque
816 906 963 975 custodes
987 913 1020 974 et
1041 913 1222 976 memorato
1246 903 1401 996 igumeno
1425 904 1498 973 auri
1521 903 1619 974 libras
1642 906 1721 976 duas
1745 903 1946 996 bythianteas
1963 903 2023 996 (tiz
2058 913 2092 975 et

561 1059 564 1065 ’
662 1031 723 1102 hec
746 1041 855 1100 nostra
878 1029 1005 1100 otlertio
1027 1040 1065 1100 ut
1087 1030 1236 1123 superius
1259 1031 1380 1123 legitur
1403 1032 1447 1100 sit
1469 1033 1563 1101 firma
1579 1031 1847 1124 inperpetuum:
1875 1053 1974 1123 quam
1998 1031 2092 1100 otier-

661 1155 748 1224 tione
785 1180 803 1224 a
840 1177 893 1226 me
927 1155 1044 1224 iactam
1079 1152 1206 1224 leonem
1237 1155 1392 1226 curialem
1421 1154 1563 1226 scribere
1598 1162 1797 1248 rogaverunt
1824 1177 1882 1245 per
1912 1163 2091 1224 memorata

662 1277 774 1346 octaba
798 1277 1008 1348 indictionem
1024 1277 1067 1368 †.

757 1401 788 1496 †
811 1405 884 1473 Hoc
907 1405 1036 1497 signum
1059 1426 1174 1474 manus
1198 1417 1376 1476 memorate
1409 1423 1503 1472 maru
1537 1414 1569 1473 et
1596 1402 1745 1472 barbaria
1785 1423 1920 1470 monaca
1944 1400 2094 1491 genetri-

659 1654 2082 1680 .........--.-—---——--—-—-——-—-

740 1842 785 1924 (3)
805 1841 927 1902 Praeter
947 1841 1078 1904 multam
1097 1841 1306 1924 pecuniariam
1324 1839 1436 1921 triplex
1456 1839 1704 1918 imprecationum
1718 1856 1811 1918 genus
1830 1838 1864 1896 in
1878 1835 2033 1897 veteribus
2047 1837 2097 1896 in·

663 1955 836 2015 strumentis
851 1953 1002 2028 occurrit,
1024 1952 1172 2013 nimirum
1187 1971 1212 2011 1.
1226 1949 1511 2011 excommunicatio
1524 1991 1534 2022 ,
1555 1965 1585 2008 2.
1608 1947 1724 2008 iudicii
1742 1946 1844 2005 divim
1855 1991 1864 2022 ,
1879 1947 2000 2021 Iudae,
2013 1947 2096 2008 clio-

664 2084 801 2145 rumque
812 2067 903 2124 sortis
915 2064 1131 2125 interminatio
1141 2109 1151 2140 ,
1166 2075 1195 2124 ct
1208 2067 1238 2125 3.
1253 2063 1410 2145 depositio.
1421 2061 1631 2143 Superioribus
1640 2060 1768 2143 quidem
1782 2061 1813 2118 in
1825 2059 2005 2118 membranis
2015 2060 2097 2121 mul-

663 2191 726 2235 tam
747 2189 884 2252 tantum,
910 2178 945 2237 in
958 2177 1016 2236 hac
1028 2197 1101 2238 vero
1115 2198 1177 2237 non
1190 2175 1282 2238 modo
1297 2176 1429 2236 multam
1440 2175 1552 2256 ipsam,
1573 2173 1623 2236 sed
1638 2169 1726 2236 etiam
1739 2174 1871 2254 primum
1886 2192 1921 2232 ac
1933 2171 2097 2234 secundum

661 2286 791 2348 dirarum
811 2309 904 2368 genus
923 2289 1065 2369 legimns.
1089 2293 1191 2368 Quam
1211 2304 1332 2353 vetusto
1354 2291 1393 2350 ab
1413 2309 1489 2350 aevo
1508 2287 1590 2350 dirae
1610 2288 1821 2353 obtinuerint,
1843 2307 1937 2368 quam
1959 2305 2045 2368 saepe
2063 2288 2097 2347 in

662 2399 774 2460 chartis
802 2399 1030 2476 ecclesiasticis,
1052 2401 1279 2484 imperialibus,
1308 2403 1396 2484 regiis
1425 2423 1461 2462 ac
1483 2401 1613 2482 privatis
1635 2421 1739 2461 earum
1763 2399 2002 2462 interminatione
2031 2401 2095 2474 usi,

661 2513 755 2571 immo
775 2535 849 2576 vero
870 2516 956 2577 abusi
978 2517 1091 2576 suerint
1112 2515 1284 2576 earumdem
1304 2517 1482 2577 chartarum
1508 2513 1707 2590 conditores,
1735 2511 1851 2574 affatim
1872 2512 2097 2577 edisseruerunt

660 2643 765 2684 omnes
786 2624 848 2687 lere
878 2629 1056 2710 scriptores,
1085 2627 1141 2708 qui
1162 2647 1228 2686 rem
1250 2625 1483 2709 diplomaticam
1502 2625 1705 2688 illustrarunt.
1725 2623 1820 2685 Nobis
1841 2639 2002 2708 propterea
2022 2627 2094 2687 satis

662 2751 707 2797 est
727 2737 795 2798 heic
817 2738 961 2800 lectorem
983 2739 1262 2814 commonefacere,
1284 2739 1371 2823 quod
1393 2759 1463 2802 cum
1483 2741 1638 2802 veteribus
1658 2739 1693 2798 in
1708 2738 1818 2799 chartis
1838 2737 1935 2818 vulgo
1948 2738 2097 2822 spiritales

662 2845 871 2927 infligerentur
890 2869 1021 2932 poenae,
1043 2848 1163 2910 nullius
1177 2851 1325 2911 momenti
1345 2849 1450 2908 habita
1469 2862 1513 2909 cst
1532 2868 1635 2908 earum
1659 2847 1872 2924 comminatio,
1895 2863 1926 2909 ct
1946 2848 2096 2928 impreca-

663 2960 781 3017 tionum
805 2961 900 3020 verba
927 2963 1027 3019 inanes
1058 2960 1260 3021 tabellionum
1286 2960 1437 3022 formulae
1470 2973 1644 3022 evaserunt.
1676 2959 1743 3018 Hoc
1775 2961 1847 3019 item
1877 2957 1914 3019 de
1947 2959 2098 3041 corporali

665 3091 785 3152 poena,
808 3071 872 3134 sive
895 3069 1008 3148 multa,
1031 3073 1181 3150 contigisse
1201 3088 1359 3152 putamus,
1383 3093 1418 3134 eo
1438 3071 1523 3154 quod
1539 3072 1664 3134 nullum
1684 3091 1747 3132 sese
1766 3073 1852 3134 uobis
1871 3071 1980 3133 obiecit
1999 3069 2101 3130 docu-

665 3198 823 3258 mentum,
848 3206 908 3264 quo
928 3183 1067 3245 camdem
1087 3205 1103 3243 a
1124 3197 1338 3244 contractuum
1363 3185 1562 3245 violatoribus
1582 3184 1753 3263 aliquando
1774 3185 1907 3246 solutam
1929 3185 2020 3246 luisse
2041 3206 2101 3265 pa-

666 3293 729 3353 lam
750 3293 813 3353 lieri
832 3296 934 3372 possit.

745 3402 790 3482 (4)
814 3401 936 3468 Libra,
958 3401 1078 3480 perinde
1100 3422 1134 3460 ac
1156 3401 1317 3481 aliquando
1342 3404 1457 3470 unct'a,
1478 3403 1599 3462 vetustis
1624 3403 1653 3459 in
1686 3403 1814 3473 chartis,
1848 3424 1918 3460 curn
1940 3405 1976 3462 de
1997 3426 2099 3462 rerum

666 3511 759 3592 pretio
772 3510 862 3568 verba
878 3509 956 3568 fiunt
967 3551 976 3580 ,
997 3507 1116 3588 pondus
1144 3510 1269 3569 denotat
1282 3509 1423 3569 materiae
1446 3530 1483 3569 cx
1496 3530 1559 3589 qua
1578 3511 1694 3569 nummi
1716 3510 1914 3571 cudebantur.
1935 3513 1993 3572 His
2014 3517 2095 3574 enim

665 3623 788 3682 vocibus
802 3621 1013 3680 contrahentes
1029 3621 1206 3696 utebantur,
1223 3642 1285 3703 quo
1298 3621 1506 3700 significarent
1519 3635 1563 3681 tot
1578 3642 1718 3682 nummos
1739 3636 1891 3701 argenteos
1905 3618 1958 3685 vel
1970 3645 2091 3698 aureos,

665 3745 741 3814 quot
761 3731 992 3813 requirebantur
1013 3730 1053 3790 ad
1073 3730 1295 3792 conficiendum
1316 3731 1437 3812 pondus
1459 3729 1615 3791 librarum
1640 3731 1692 3790 vel
1712 3735 1908 3808 unciarum,
1943 3755 2018 3814 quas
2039 3737 2094 3816 ipsi

666 3843 699 3900 in
720 3854 875 3903 contractu
889 3839 1068 3902 statuissent.
1081 3842 1165 3918 Quot
1186 3861 1260 3904 vero
1279 3838 1384 3900 solidis
1407 3843 1506 3898 uncia
1526 3859 1561 3897 ac
1581 3839 1662 3899 libra
1681 3843 1890 3916 constiterint,
1912 3843 1986 3903 vide
2004 3846 2041 3902 sis
2059 3846 2092 3904 in

665 3955 861 4016 adnotatione
882 3953 927 4036 (5)
946 3974 1013 4036 pag.
1035 3972 1062 4015 a.
1083 3953 1338 4014 Obliviscendum
1360 3965 1457 4012 tamen
1478 3953 1601 4012 minime
1619 3952 1674 4010 erit
1694 3952 1797 4025 illud,
1818 3952 1902 4034 qnod
1922 3952 2036 4016 ibidem
2049 3955 2096 4014 in-

666 4066 808 4139 nuimus,
831 4063 943 4122 scilicet
962 4083 1019 4142 pro
1035 4062 1157 4124 diversis
1171 4063 1354 4143 temporibus
1369 4061 1487 4122 diverso
1506 4063 1646 4120 materiae
1662 4062 1800 4141 pondere
1815 4085 1954 4124 nummos
1969 4064 2096 4144 signatos

666 4179 753 4238 luisse
765 4221 774 4250 ,
796 4175 926 4255 ideoque
947 4195 1009 4233 non
1031 4196 1091 4234 uno
1111 4195 1227 4256 semper
1247 4175 1415 4253 eodemque
1436 4195 1629 4235 nummorum
1649 4198 1775 4239 numero
1797 4180 1959 4238 constitisse
1979 4177 2096 4236 librum

669 4304 698 4348 et
719 4288 859 4348 unctam.
882 4287 1001 4347 Etenim
1022 4305 1078 4366 pro
1098 4299 1253 4368 comperto
1274 4287 1399 4346 habetur
1420 4307 1587 4358 nummos,
1608 4290 1706 4369 quoad
1727 4290 1848 4370 pondus
1870 4289 2005 4350 diversas
2024 4289 2095 4350 illas

668 4411 806 4480 expertos
826 4415 886 4457 esse
906 4393 1149 4471 vicissitudines,
1172 4417 1244 4477 quas
1258 4415 1359 4457 rerum
1374 4394 1570 4474 publicarum
1592 4396 1832 4474 administratio,
1855 4419 1889 4458 ac
1909 4397 2094 4480 populorum

669 4529 759 4590 opes,
781 4526 938 4587 moresque
960 4503 1126 4566 subierunt.
1148 4504 1216 4565 Etsi
1238 4525 1312 4567 vero
1332 4525 1524 4565 nummorum
1544 4503 1664 4586 pondus
1689 4507 1886 4567 imminutum
1910 4507 2093 4589 quandoque

670 4621 777 4695 fuerit,
798 4619 879 4702 prior
901 4633 1000 4680 tamen
1021 4638 1126 4679 eorum
1147 4618 1379 4681 nomenclatura
1401 4620 1588 4699 perennavit.
1614 4618 1696 4677 Hinc
1721 4621 1789 4678 satis
1810 4619 1969 4700 explorata
1989 4620 2093 4680 haberi

670 4733 777 4812 nequit
807 4731 975 4791 nummaria
996 4728 1234 4812 uniuscuiusque
1255 4731 1352 4808 gentis
1376 4729 1474 4803 ratio,
1505 4725 1768 4809 quemadmodum
1799 4732 1948 4810 sapienter
1968 4727 2096 4808 diligen-

671 4845 795 4904 tissimus
820 4847 944 4926 quisque
974 4843 1195 4904 numismaticus
1224 4842 1365 4916 notavit,
1396 4840 1453 4900 nisi
1482 4838 1617 4918 singulae
1644 4839 1786 4918 ponderis
1810 4841 2035 4902 immutationes
2060 4863 2094 4902 ac

672 4969 806 5037 tempora
818 4998 827 5029 ‚
857 4957 889 5015 in
910 4955 1017 5036 quibus
1038 4957 1118 5036 ipsae
1138 4954 1356 5030 obvenerunt,
1389 4951 1504 5032 penitus
1524 4948 1743 5029 dignoscantur.
