4658 6508
881 645 893 740 t
920 643 1000 738 85)

865 907 981 978 auru.
1008 920 1014 934 ·

322 1176 353 1273 †
370 1179 408 1248 ln
431 1175 564 1248 nomine
588 1170 714 1245 domini
730 1168 784 1241 dei
800 1166 969 1240 salvatoris
991 1164 1095 1235 nostri
1110 1160 1204 1232 ihesu
1221 1157 1334 1230 christi
1350 1156 1531 1250 imperante
1548 1155 1655 1227 domi-
1726 1213 1778 1260 an·

225 1329 269 1376 no
286 1313 398 1376 nostro
411 1300 620 1374 Constantino
632 1318 752 1388 magno
763 1294 960 1387 imperatore
973 1313 1058 1360 anno
1073 1287 1229 1359 vicesimo
1246 1283 1382 1355 octabu:
1401 1285 1457 1354 scd
1469 1291 1502 1354 et
1517 1303 1654 1352 mmano
1714 1323 1735 1384 9
1740 1325 1757 1384 3
1762 1325 1793 1385 6.

224 1451 345 1521 magno
368 1428 563 1519 imperatore
587 1443 672 1490 anno
696 1417 942 1512 quintodecimo
966 1414 1018 1485 die
1041 1412 1196 1484 vicesima
1211 1409 1331 1480 mensis
1347 1407 1457 1480 martii
1480 1406 1655 1478 indictione

222 1576 307 1624 nona
331 1551 460 1645 neapoli
484 1553 617 1622 Certum
651 1557 700 1620 est
723 1569 777 1617 me
802 1543 995 1618 eustratium
1027 1541 1201 1614 terrarium
1230 1539 1335 1611 fitium
1362 1536 1496 1633 quidem
1520 1532 1654 1605 iohanni

223 1679 380 1751 ferrarii:
415 1701 482 1750 uua
516 1700 593 1747 oum
615 1697 809 1746 consensum
832 1672 975 1766 presenti
999 1674 1099 1744 drosu
1122 1668 1255 1762 coniugi
1278 1691 1363 1742 mee.
1389 1661 1576 1760 Apresenti
1600 1663 1653 1734 die

222 1805 464 1899 promptissima
487 1805 654 1875 voluntate
677 1801 863 1873 venundedi
887 1810 920 1871 et
943 1798 1061 1870 tradidi
1082 1799 1144 1868 tibi
1167 1809 1260 1890 petro
1284 1795 1421 1866 terrario
1444 1791 1556 1886 nepoti
1578 1809 1653 1859 meo

223 1930 291 2000 filio
315 1930 449 2022 quidem
472 1927 607 1998 iohanni
630 1925 783 1997 terrarii:
810 1924 894 1998 idest
917 1924 1043 2016 integra
1067 1922 1236 2016 superiora
1259 1919 1414 1990 cubuculi
1437 1919 1502 1988 mei
1526 1912 1652 1985 consti-

222 2063 291 2123 tuta
316 2076 414 2146 super
437 2052 593 2122 inferiora
618 2061 695 2119 tua:
722 2049 827 2141 posita
851 2069 932 2118 vero
954 2047 1042 2116 intus
1065 2045 1150 2114 banc
1173 2043 1341 2114 civitatem
1357 2040 1501 2134 neapolis
1517 2040 1552 2109 in
1576 2037 1651 2108 vico

221 2181 280 2273 qui
304 2190 440 2250 vocatur
455 2178 555 2248 saneti
573 2176 699 2270 georgii
723 2175 758 2244 in
782 2174 931 2244 diaconia
948 2173 1016 2270 (ηε
1034 2195 1112 2242 eum
1127 2171 1280 2268 uberibus
1295 2178 1329 2243 et
1344 2168 1526 2264 aspectibus
1549 2176 1582 2241 et
1604 2161 1651 2238 ibi

297 2623 341 2706 (t)
366 2625 489 2686 Vicum
510 2630 543 2686 S.
564 2627 697 2704 Georgii
717 2628 753 2685 in
773 2627 963 2700 Diaconia,
994 2627 1078 2688 cuius
1099 2623 1276 2685 membrana
1296 2624 1374 2684 haec
1400 2636 1432 2682 et
1454 2619 1550 2681 altera
1574 2638 1646 2678 mox

154 2743 161 2760 ·
221 2731 340 2795 edenda
357 2733 413 2794 sub
432 2755 556 2796 numero
569 2733 719 2796 xxvtrt.
738 2737 924 2794 mentionem
936 2733 1068 2811 babent,
1090 2735 1331 2794 instrumentum
1345 2730 1504 2814 quoddam
1525 2727 1585 2792 diei
1607 2731 1646 2790 23

221 2847 322 2906 Martii
343 2845 418 2906 anni
434 2865 494 2926 99ο
509 2845 543 2905 iu
564 2847 689 2926 regione
711 2849 864 2904 &mmsis
880 2845 1013 2906 Plateae
1023 2889 1034 2922 ,
1057 2859 1089 2905 et
1109 2844 1241 2904 alterum
1257 2842 1316 2906 diei
1339 2845 1376 2904 15
1397 2845 1477 2910 lunii
1498 2845 1570 2905 anni
1586 2863 1645 2925 999

221 2959 253 3017 in
268 2959 390 3040 regione
403 2959 484 3018 Fari
495 2971 597 3020 extare
612 2959 825 3040 prodiderunt.
838 2956 1012 3039 Utramque
1029 2970 1130 3018 tamen
1141 2959 1225 3021 hanc
1238 2960 1395 3042 regionem
1410 2960 1535 3021 nomine
1549 2957 1648 3020 soleam

222 3073 302 3132 inter
323 3092 356 3132 se
377 3069 581 3152 discrepasse,
603 3090 639 3130 ae
660 3073 831 3129 Stemmam
845 3071 997 3130 Plateam
1012 3084 1222 3151 nuncupatam
1233 3091 1357 3152 quoque
1378 3073 1471 3133 fuisse
1492 3071 1649 3150 regionem

222 3187 303 3244 Fari
323 3205 361 3246 ex
382 3204 434 3261 eo,
454 3182 541 3264 quod
560 3184 593 3244 in
615 3202 649 3242 ea
669 3203 765 3265 prope
785 3183 815 3243 S.
836 3185 1037 3244 Laurentium
1057 3181 1178 3244 extabat
1203 3185 1316 3245 Forum
1336 3183 1480 3245 nundinis
1500 3183 1647 3246 habendis

221 3298 447 3379 mancipatum,
470 3295 606 3358 Turinus
628 3295 799 3377 (De'Segg.
821 3295 858 3359 di
880 3299 969 3375 Nap.
995 3315 1070 3376 pag.
1096 3313 1139 3366 aa
1162 3311 1192 3357 et
1217 3296 1302 3380 173)
1323 3297 1645 3378 docuit.1taquetum

221 3405 389 3468 Diacom'a
412 3409 445 3465 S.
470 3407 622 3482 Georgii,
643 3420 711 3467 turn
731 3407 840 3480 vicus,
870 3407 924 3488 qui
945 3425 982 3466 ex
1001 3405 1060 3466 hac
1083 3425 1190 3465 nomen
1211 3417 1366 3467 mutuatus
1386 3405 1446 3466 fuit
1457 3450 1468 3483 ,
1495 3409 1528 3468 in
1548 3409 1646 3468 Sum-

222 3535 293 3577 mae
307 3517 440 3579 Plateae
453 3519 576 3598 regione
596 3519 840 3593 continebantur,
862 3534 893 3582 et
913 3517 994 3579 nibil
1014 3515 1122 3580 iisdem
1144 3537 1305 3583 commuue
1327 3520 1385 3583 suit
1404 3541 1474 3582 cum
1493 3520 1646 3602 praesenti

221 3625 253 3686 S.
270 3629 394 3712 Georgii
407 3630 553 3708 ecclesia,
575 3651 653 3712 quae
669 3627 828 3691 catholica
841 3631 991 3692 maiorae
1011 3628 1103 3690 etiam
1117 3634 1311 3705 δευσήαηα,
1335 3635 1382 3692 uti
1401 3652 1467 3714 pag·
1489 3637 1527 3712 75
1543 3633 1646 3694 adnot.

221 3735 266 3818 (t)
286 3736 416 3798 diximus
422 3783 432 3815 ,
455 3741 579 3804 vocitari
600 3741 779 3814 consuevit,
799 3753 831 3800 et
845 3739 884 3800 ad
898 3738 1114 3800 fercellensem
1128 3743 1279 3821 spectabat
1300 3745 1471 3823 regionem,
1497 3760 1590 3825 prout
1604 3747 1646 3806 ait

221 3849 371 3929 Eugenius
392 3851 508 3932 (Nep.
528 3872 594 3913 sac.
604 3873 681 3930 pag.
697 3864 742 3922 42
756 3853 777 3931 ).
799 3853 877 3913 Cum
896 3851 934 3914 de
959 3853 1064 3914 eadem
1089 3855 1148 3913 hac
1168 3853 1296 3916 ecclesia
1308 3855 1440 3917 Turinus
1460 3855 1558 3938 (pag.
1575 3857 1646 3939 23)

221 3963 315 4024 verba
335 3963 464 4039 laceret,
480 3965 652 4044 Repertorii
673 3966 705 4026 S.
721 3964 887 4026 sebastiani
908 3963 1017 4026 solium
1038 3965 1078 4044 69
1099 3967 1222 4042 citavit,
1244 3967 1329 4048 quod
1350 3965 1479 4047 quidem
1498 3973 1530 4028 S.
1544 3973 1646 4030 Geor-

219 4078 313 4152 gium
327 4076 364 4134 in
387 4077 548 4138 Diaconia
568 4075 688 4154 innuit,
724 4078 770 4137 uti
803 4089 933 4138 testatur
965 4099 1107 4160 praeseus
1134 4081 1336 4157 membrana,
1367 4083 1451 4144 cuius
1471 4084 1645 4144 summatim

222 4188 305 4248 idem
327 4186 437 4246 solium
458 4187 611 4247 meminit.

301 4299 365 4356 lam
387 4317 457 4357 vero
476 4297 653 4358 Diaconiae
674 4313 863 4378 nuncupatae
884 4299 958 4358 olim
980 4297 1104 4360 suerunt
1125 4301 1285 4383 hospitales
1310 4301 1417 4364 domus
1429 4347 1439 4380 ,
1467 4303 1640 4386 inquibus,

220 4411 265 4468 uti
286 4405 376 4468 docet
394 4407 485 4468 Liber
505 4406 695 4469 Pontificalis
718 4409 749 4468 in
763 4409 835 4466 Vita
866 4409 1008 4470 Hadriani
1031 4413 1053 4471 l.
1075 4409 1156 4494 apud
1176 4411 1340 4491 Vignolum
1361 4412 1424 4492 (Τ.
1446 4417 1474 4475 Ι.
1491 4434 1564 4490 pag.
1581 4416 1643 4475 aad

220 4530 251 4578 et
270 4529 336 4587 224
351 4518 385 4599 ),
406 4531 436 4576 et
456 4519 586 4597 (langius
608 4519 663 4599 (u.
684 4518 866 4578 Diaconiae
882 4519 893 4600 )
904 4561 914 4593 ,
936 4539 989 4600 per
1010 4521 1175 4581 Diaconos
1185 4563 1196 4595 ,
1222 4521 1273 4582 vel
1297 4520 1509 4581 Suddiacorros
1524 4526 1642 4600 Regio-

221 4630 327 4690 narios
346 4631 429 4711 egeni
447 4675 457 4708 ,
480 4629 618 4708 viduae,
640 4629 753 4713 pupilli
773 4650 809 4689 ae
829 4649 912 4692 senes
934 4649 1155 4696 consueverunt
1175 4648 1227 4695 aut
1250 4633 1316 4711 ali,
1345 4651 1396 4698 aut
1416 4637 1552 4715 congruis
1573 4637 1643 4696 sub-

221 4741 303 4805 sidiis
321 4743 445 4820 iuvari,
467 4757 519 4804 aut
539 4758 726 4827 aegrotantes
745 4746 839 4808 iidem
859 4748 956 4829 excipi
975 4748 1008 4808 in
1028 4747 1216 4820 nosocomio,
1242 4767 1304 4828 quo
1324 4747 1459 4828 singulae
1488 4747 1643 4830 praeditae

220 4867 306 4934 mant
327 4857 515 4916 Diaconiue.
534 4860 597 4920 Sua
618 4877 742 4941 quoque
763 4857 887 4920 oratoria
908 4857 977 4942 ipsis
997 4856 1146 4933 fuerunt,
1179 4877 1255 4940 quae
1276 4857 1414 4939 deinceps
1439 4857 1564 4920 totidem
1590 4879 1641 4919 ec-

221 4963 329 5027 clesiae
349 4980 515 5032 euaserunt.
535 4967 713 5029 Huiusmodi
735 4982 835 5032 autem
851 4969 1030 5030 Draconias
1049 4967 1102 5032 vel
1122 4966 1248 5049 Neapoli
1269 4968 1399 5030 extitisse
1419 4983 1537 5052 praeter
1557 4991 1642 5030 com-
