4658 6508
903 557 915 653 (
940 563 982 626 ⁵⁷
1007 553 1021 652 l

243 668 321 790 duas
332 737 484 813 personas
500 716 540 789 de
556 737 615 788 vos
630 717 816 788 memoratis
831 713 966 790 heredes
992 727 1025 788 et
1040 718 1147 790 dicere
1169 716 1263 790 nobis
1278 737 1337 812 per
1351 733 1573 793 moronuolum
1589 724 1665 818 quia

241 851 418 916 memorata
432 843 570 914 fundora
584 852 617 915 et
632 845 726 916 terris
741 869 806 940 que
822 846 888 916 iam
904 869 963 940 per
973 845 1098 919 merissi
1114 845 1218 918 divise
1233 845 1390 919 habemus
1405 871 1469 944 que
1484 871 1544 919 vos
1555 873 1635 942 que.
1650 900 1659 917 .

249 1019 377 1042 ......
385 971 597 1067 quadraginta
613 995 714 1044 annos
731 969 779 1069 (4)
799 973 919 1068 absque
935 973 1032 1044 fortia
1052 973 1167 1046 tenetis
1188 973 1414 1046 iusiurandum
1440 973 1533 1044 nobis
1554 984 1585 1046 et
1607 994 1666 1042 nos

238 1289 316 1348 tium
337 1308 428 1369 porro
449 1291 596 1350 loannem
616 1287 845 1370 neapolitanum
859 1289 1024 1350 obtinuisse
1039 1285 1195 1350 Ducatum
1212 1288 1337 1352 saeculo
1351 1292 1392 1354 X.
1407 1291 1573 1376 complures
1594 1296 1666 1378 qui-

238 1401 311 1461 dem
331 1413 476 1464 testantur
495 1401 675 1484 scriptores,
695 1398 748 1460 sed
770 1401 809 1462 de
824 1419 931 1479 nuno,
953 1421 1014 1485 quo
1029 1402 1195 1485 Imperium
1215 1403 1274 1465 luit
1293 1409 1484 1486 auspicatus,
1505 1407 1559 1470 aiii
1582 1409 1664 1470 nihil

237 1518 461 1588 meminerunt,
479 1511 533 1572 alii
549 1531 621 1576 vero
635 1513 715 1576 inter
731 1532 761 1573 se
777 1514 975 1576 contendunt.
988 1515 1170 1576 Muratorins
1183 1511 1324 1595 (Amal.
1338 1514 1448 1578 d'ltal.
1459 1522 1520 1580 ool.
1530 1524 1569 1580 V.
1580 1541 1663 1580 anno

237 1627 337 1711 937),
352 1629 535 1692 Ammiratus
556 1628 675 1710 (Fam.
689 1625 784 1688 nobil.
799 1649 870 1710 nup.
886 1629 916 1714 5
930 1632 958 1690 Ι.
966 1649 1042 1711 pag.
1056 1628 1135 1713 82),
1159 1627 1295 1711 Troylus
1316 1629 1410 1712 (Vol.
1424 1633 1469 1693 II.
1487 1633 1536 1693 113.
1553 1633 1576 1692 8
1586 1655 1664 1714 pag.

237 1753 304 1809 240
318 1739 329 1824 )
344 1761 379 1802 ae
400 1741 565 1803 launonins
593 1741 673 1824 (Isi.
695 1743 758 1805 Cio.
774 1751 848 1801 tom.
864 1747 935 1806 III.
951 1763 1025 1822 pag.
1039 1753 1103 1813 204
1117 1741 1130 1823 )
1139 1786 1149 1818 ,
1167 1763 1236 1803 eum
1252 1762 1331 1804 auno
1353 1746 1411 1824 937
1429 1743 1557 1828 Neapoli
1570 1747 1665 1824 impe-

237 1875 331 1934 rasse,
350 1857 431 1918 nihil
450 1871 551 1920 autem
566 1857 605 1918 de
617 1858 709 1940 ipsius
724 1859 851 1940 Imperii
866 1855 986 1919 exordio
1003 1855 1207 1921 tradiderunt.
1222 1857 1296 1920 Post
1310 1877 1429 1920 anuum
1445 1862 1506 1940 934
1522 1858 1662 1921 domina-

237 1982 304 2029 tum
317 1968 409 2030 luisse
423 1967 627 2031 Summoutius
648 1966 659 2050 (
675 1967 745 2030 Vol.
760 1971 809 2030 II.
817 1987 896 2048 pag.
909 1966 986 2050 171)
1008 1969 1109 2049 arguit
1125 1989 1142 2028 e
1156 1967 1334 2050 privilegio,
1350 1989 1413 2050 quo
1428 1967 1507 2030 idem
1521 1971 1593 2031 Dux
1608 1991 1665 2054 pro

236 2082 383 2146 casinensi
404 2083 552 2144 coenobio
572 2082 719 2165 quasdam
740 2082 919 2144 donationes
939 2095 1018 2145 ratas
1039 2082 1172 2161 hahuit,
1197 2102 1355 2163 novusque
1381 2084 1505 2168 insuper
1519 2087 1584 2166 ipse
1611 2088 1665 2146 ad-

236 2196 325 2259 didit.
339 2197 504 2282 Spinellius
519 2196 531 2279 (
544 2203 621 2260 Tac.
638 2199 757 2262 munet
765 2221 844 2280 pag.
858 2197 923 2280 65)
939 2221 974 2260 ac
990 2200 1139 2262 Gestarins
1155 2199 1297 2284 (Amal.
1310 2211 1388 2276 ¹lom.
1403 2203 1483 2261 VII.
1491 2221 1569 2282 pag.
1580 2201 1661 2281 137)

235 2305 417 2388 adstipulari
438 2305 585 2370 ridentur
605 2308 795 2390 Pellegrinio
815 2306 827 2390 (
846 2307 929 2368 Hist.
943 2313 1050 2388 Lortg.
1072 2317 1147 2369 tom.
1174 2315 1245 2374 III.
1268 2331 1348 2390 pag.
1371 2312 1432 2391 137
1456 2309 1493 2393 ),
1515 2312 1568 2392 qni
1599 2313 1662 2370 eins

234 2415 479 2480 dominationem
499 2417 607 2479 initam
627 2417 671 2478 ait
689 2437 772 2479 anuo
797 2419 870 2498 933,
888 2437 949 2498 quo
970 2416 1074 2478 foedus
1094 2419 1172 2479 iuter
1191 2420 1337 2480 Ioannem
1369 2422 1487 2481 Ducem
1517 2433 1548 2481 et
1571 2419 1666 2482 bene·

233 2545 383 2594 centenos
410 2533 568 2613 Principes
592 2530 817 2614 Landulphurn
836 2543 866 2590 et
881 2531 1111 2614 Athenniphnm
1129 2534 1224 2594 ictum
1238 2532 1328 2596 luisse
1341 2532 1539 2596 existimavit.
1561 2534 1664 2596 Ubal-

234 2645 292 2707 dus
308 2659 409 2706 autem
423 2643 456 2704 iu
472 2663 526 2705 suo
546 2644 809 2726 neapolitanorum
824 2640 946 2707 Ducum
961 2644 1111 2706 Chronico
1131 2643 1213 2726 apud
1225 2642 1440 2723 Pellegrinium
1459 2644 1505 2726 (l.
1525 2645 1578 2728 c.)
1598 2667 1664 2706 me-

232 2759 348 2821 moriae
368 2756 507 2840 prodidit
530 2760 714 2838 Gregorinm
738 2756 882 2841 Neapolis
901 2761 1018 2819 Ducem
1038 2779 1054 2818 e
1073 2758 1139 2820 vitu
1153 2755 1310 2819 decessisse
1329 2777 1412 2818 auno
1432 2757 1516 2840 937,
1536 2757 1664 2840 eiusque

232 2885 373 2952 nepotem
393 2873 542 2932 loannem
555 2868 708 2932 Ducatnm
730 2867 818 2932 luisse
838 2867 993 2950 adeptum.
1014 2869 1082 2930 Hoc
1101 2867 1229 2951 quidem
1253 2868 1425 2930 vetustioris
1445 2869 1601 2950 scriptoris
1622 2883 1665 2930 te-

232 2985 410 3045 stimoninm
433 2996 586 3045 scetantur
606 2983 643 3044 A.
664 2981 703 3044 de
723 2986 794 3045 Meo
815 2981 961 3061 (Appon
987 2981 1110 3044 Grunol.
1132 2999 1210 3060 pag.
1233 2979 1332 3062 eos.)
1352 3000 1389 3040 ue
1409 2979 1561 3042 Pratillus
1580 2981 1661 3062 apud

233 3094 372 3156 eumdem
393 3094 609 3174 Pellegrinium
630 3092 642 3176 (
661 3093 682 3153 l.
701 3113 727 3152 c.
744 3093 757 3174 )
768 3137 777 3169 ,
800 3093 853 3178 qui
872 3105 1025 3174 praeterea
1045 3089 1151 3152 foedus
1177 3088 1282 3166 iilud,
1305 3088 1342 3152 de
1367 3111 1430 3174 qno
1453 3087 1661 3172 Pellegrinius

234 3208 393 3280 meminit,
417 3227 500 3267 anno
523 3208 581 3286 937
608 3206 721 3266 initum
750 3205 842 3266 luisse
863 3203 1066 3268 crediderunt.

314 3317 477 3380 Universis
498 3315 546 3376 his
567 3314 784 3399 opinionibus,
814 3317 928 3396 quibus
949 3315 1031 3379 iuter
1055 3336 1086 3378 sc
1114 3317 1274 3400 scriptores
1302 3312 1530 3399 quodammodo
1561 3316 1662 3400 digla-

233 3430 376 3505 diantur,
396 3427 511 3492 accedit
523 3447 615 3512 porro
635 3446 692 3504 en,
713 3447 793 3510 quae
811 3427 964 3510 praesenti
983 3425 1189 3488 emembrana
1208 3423 1363 3508 proficisci
1382 3425 1528 3502 videtur,
1550 3445 1662 3512 nempe

229 3544 333 3626 ipsum
352 3543 498 3605 loannem
518 3561 601 3603 anno
613 3539 673 3622 932
695 3539 784 3602 scisse
797 3537 1067 3623 neapolitanorum
1079 3543 1210 3603 Ducem.
1223 3539 1342 3601 Verum
1361 3551 1391 3598 et
1411 3537 1556 3600 sententia
1569 3538 1658 3616 haec,

231 3669 262 3716 et
284 3676 359 3730 eae,
381 3675 455 3738 quus
475 3653 596 3716 laudati
615 3656 772 3734 scriptores
792 3653 978 3730 attulerunt,
1005 3653 1126 3714 sibimet
1146 3652 1284 3715 invicem
1306 3670 1475 3733 congruere
1496 3664 1659 3735 poterunt,

231 3769 255 3826 si
274 3764 380 3827 eodem
401 3786 484 3827 anno
503 3769 563 3846 932
574 3812 584 3844 ,
607 3780 661 3827 ant
681 3765 840 3848 aliquanto
867 3777 971 3841 autea,
994 3765 1067 3826 Dux
1088 3764 1256 3844 Gregorius
1274 3765 1307 3822 in
1327 3765 1465 3824 Ducntus
1485 3764 1659 3826 societatem

231 3889 375 3958 nepotem
395 3877 541 3937 loannem
561 3888 737 3957 coaptasse,
768 3889 798 3935 et
818 3873 928 3936 deinde
948 3873 997 3934 hie
1017 3893 1095 3933 anuo
1115 3877 1174 3955 937
1197 3875 1236 3935 ob
1257 3873 1360 3956 patrui
1388 3873 1550 3938 interitum
1578 3871 1660 3936 solus

232 3986 363 4071 Neapoli
386 3985 563 4047 dominatus
591 3981 683 4044 luisse
712 3981 841 4046 dicatur.
864 3981 913 4043 Ab
941 3984 1112 4047 istiusmodi
1143 3983 1272 4067 quidem
1301 3984 1443 4046 societate
1471 3983 1661 4067 neapolitani

231 4101 356 4171 Duces,
390 4095 520 4179 perinde
541 4117 577 4158 ae
596 4097 706 4156 caeteri
726 4109 794 4157 tum
826 4107 997 4156 nostrarum
1026 4110 1091 4156 tum
1111 4107 1282 4158 exterarum
1310 4083 1447 4176 gentium
1467 4096 1656 4178 Principes,

231 4210 354 4272 minime
375 4207 610 4269 abhorruerunt.
623 4206 748 4267 Constat
762 4205 846 4266 enim
859 4224 876 4266 e
890 4217 1031 4267 veterum
1046 4204 1226 4285 scriptorum
1240 4205 1422 4268 testimoniis
1435 4207 1553 4267 Ducem
1567 4208 1659 4269 loun·

231 4342 304 4384 nem
324 4341 406 4382 anno
429 4335 491 4402 942
509 4322 699 4402 nuncupasse
719 4313 843 4401 Imperii
865 4318 980 4380 socium
1001 4316 1101 4380 filium
1120 4320 1294 4394 Marinum,
1319 4317 1574 4400 quemadmodum
1599 4319 1663 4380 for·

229 4450 302 4498 tasse
321 4436 420 4516 ipsum
439 4431 513 4493 olim
533 4433 586 4493 sibi
606 4431 717 4494 socium
738 4431 912 4496 adsciverat
936 4443 1062 4512 patruus
1081 4451 1151 4492 suus
1173 4429 1346 4508 Gregorius.
1366 4430 1442 4491 Item
1461 4429 1583 4493 saeculo
1603 4429 1659 4492 ΧΙ-

230 4549 351 4632 Sergius
373 4550 411 4611 V.
433 4567 504 4608 cum
525 4545 630 4628 Sergio
650 4547 717 4621 Vl,
748 4558 840 4628 atque
869 4545 921 4607 hic
945 4565 1017 4608 oum
1048 4543 1147 4607 altero
1166 4545 1278 4605 loaune
1307 4540 1492 4626 neapolitani
1525 4544 1658 4605 Ducatus

231 4663 402 4723 societatem
421 4660 588 4722 iniverunt.

252 4745 253 4748 Ἴ
311 4771 357 4854 (4)
370 4774 409 4832 lu
418 4772 477 4834 hue
488 4771 669 4833 documento
679 4789 773 4834 sermo
785 4783 828 4832 est
839 4767 877 4829 de
887 4769 1090 4850 quorumdam
1102 4765 1294 4850 praediorum
1306 4767 1456 4830 divisione
1472 4767 1547 4830 inter
1560 4767 1661 4829 haere-

232 4881 283 4950 des
296 4881 376 4944 facta
387 4903 440 4964 per
460 4883 714 4960 instrumentum,
738 4880 823 4966 quod
836 4881 920 4966 apud
935 4901 989 4942 uos
1008 4879 1197 4964 appellatum
1213 4879 1275 4939 suit
1296 4879 1388 4940 modo
1401 4880 1529 4942 Netteia
1542 4923 1551 4954 ,
1568 4879 1659 4940 modu

1211 4997 1229 5056 8
