4692 6512
1305 615 1455 713 (rae)

668 792 775 886 adque
798 787 971 881 nepotibus
994 796 1027 856 et
1051 803 1126 854 cum
1153 781 1300 875 ipsorum
1323 779 1441 850 fundos
1465 784 1498 848 et
1520 775 1656 870 cespites
1679 781 1712 845 et
1736 792 1848 844 omnes
1877 771 2097 844 consuetudi-

670 917 799 986 narium
824 935 957 983 censum
981 933 1038 984 seu
1061 907 1184 1002 regulis
1208 920 1240 978 et
1263 902 1496 999 responsaticas
1519 911 1551 974 et
1574 921 1650 970 cum
1673 896 1824 970 omnibus
1849 896 1981 968 illorum
2012 919 2097 990 per-

666 1038 808 1110 tinentiis
833 1034 1050 1130 omnibusque
1075 1031 1294 1106 adiacentibus
1319 1039 1352 1104 et
1375 1023 1608 1124 pertinentibus
1631 1023 1678 1098 eis
1695 1033 1728 1097 et
1743 1045 1818 1094 cum
1835 1043 1947 1094 omnes
1962 1021 2097 1094 illomm

669 1175 819 1258 paratum
837 1171 870 1232 et
884 1160 1111 1256 conquesitum
1127 1155 1298 1230 movilium
1314 1163 1346 1226 et
1366 1149 1571 1224 inmovilium
1591 1171 1723 1244 seseque
1739 1146 1943 1222 moventibus
1967 1157 2000 1218 et
2019 1169 2097 1217 cum

665 1359 2105 1397 Μ

667 1493 845 1573 Principum
864 1488 999 1551 Hisloria
1018 1505 1037 1548 a
1056 1485 1246 1566 Pellegrinio
1266 1481 1444 1545 elucubrata
1465 1481 1478 1564 (
1496 1491 1516 1543 t.
1536 1479 1631 1560 III.)
1662 1476 1770 1541 edidit.
1799 1478 2018 1539 Verumtamen
2054 1474 2096 1534 sr-

671 1606 761 1666 nium
776 1601 1029 1684 descriptionem,
1052 1617 1145 1680 quam
1160 1599 1223 1681 ipse
1238 1595 1453 1671 concinnavit,
1468 1613 1529 1654 non
1546 1613 1637 1654 unam
1651 1589 1850 1672 eamdemque
1874 1607 1990 1671 semper
2003 1588 2094 1650 luisse

668 1715 852 1798 patefaciunt
870 1712 1090 1789 exscursiones,
1122 1710 1233 1790 quibus
1265 1702 1455 1791 Langobardi
1479 1703 1707 1787 neapolitanum
1738 1701 1920 1784 plerumque
1941 1699 2094 1761 Ducatum

668 1837 842 1900 vexarunt,
865 1840 900 1883 ac
920 1819 1107 1904 quibusdam
1126 1820 1191 1882 eiua
1210 1819 1337 1881 urbibus
1357 1816 1448 1901 potiti
1461 1815 1593 1879 luerunt.
1609 1815 1768 1876 lannonius
1792 1813 1866 1875 item
1885 1811 1961 1874 fines
1975 1811 2096 1874 eosdem

668 1931 879 1997 describendos
899 1933 1020 1996 curavit
1039 1930 1154 2014 (Ister.
1173 1932 1235 1990 civ.
1248 1927 1300 1991 tit.
1317 1927 1378 1992 VI.
1393 1947 1464 2008 cap.
1483 1929 1528 1990 Il.
1542 1927 1577 2010 ),
1603 1945 1713 1990 verum
1728 1923 1767 1986 de
1788 1944 1824 1986 ea
1839 1935 1958 1984 tantum
1973 1923 2095 1986 locutus

670 2059 712 2106 est
731 2041 955 2124 amplitudine,
976 2059 1054 2123 quae
1074 2053 1194 2102 nostrae
1215 2036 1373 2100 Librarius
1391 2034 1450 2098 suit
1469 2035 1526 2096 sub
1546 2034 1724 2117 Stephaano
1744 2031 1894 2114 Episcopo
1918 2046 1949 2094 et
1963 2032 2096 2094 Consule

668 2155 883 2238 neapolitano,
902 2153 1046 2215 nimirum
1066 2167 1133 2234 post
1151 2149 1287 2213 medium
1307 2148 1465 2213 saeculum
1485 2146 1572 2208 Vlll.
1592 2148 1655 2208 Nec
1676 2165 1750 2208 vero
1775 2143 2005 2228 descriptionem
2018 2145 2097 2206 hanc

668 2269 805 2332 numeris
826 2265 967 2327 omnibus
987 2264 1160 2326 absolutam
1179 2260 1372 2324 iudicandam
1387 2281 1449 2322 esse
1466 2260 1567 2342 liquet
1580 2259 1768 2342 potissimum
1787 2279 1825 2319 ex
1839 2278 1894 2331 eo,
1916 2257 2002 2340 quod
2027 2279 2098 2319 eum

670 2381 755 2445 idem
776 2394 882 2442 auctor
902 2381 1012 2443 Cumas
1032 2375 1234 2458 neapolitanis
1248 2374 1385 2438 Ducibus
1407 2373 1594 2451 subiecerit,
1612 2372 1690 2433 nihil
1705 2371 1871 2434 meminerit
1892 2371 1931 2433 de
1955 2391 2028 2453 agro
2042 2391 2098 2434 cu-

670 2511 780 2567 mano,
803 2509 896 2571 quem
917 2509 952 2550 ea
973 2501 1154 2569 tempestate
1173 2485 1283 2548 Arechi
1303 2485 1512 2548 beneventano
1532 2483 1669 2566 Principi
1690 2482 1856 2545 obnoxiam
1886 2481 1976 2547 luisse
1997 2501 2099 2547 oeten-

670 2603 717 2664 dit
737 2599 905 2684 equodam
925 2597 1060 2660 eiusdem
1080 2597 1233 2680 Principis
1254 2595 1422 2679 diplomate
1442 2597 1563 2658 alexius
1584 2595 1732 2660 Pelliccia
1753 2595 1831 2678 (De
1849 2595 1963 2659 Chrt'at
1987 2599 2094 2658 eccles.

662 2715 757 2796 polit.
777 2725 851 2775 tom.
871 2715 936 2773 III.
950 2721 1038 2792 part.
1057 2712 1102 2772 II.
1116 2731 1195 2791 pag.
1214 2728 1263 2771 tto
1280 2721 1311 2771 et
1334 2729 1381 2771 m
1396 2710 1409 2794 )
1420 2756 1430 2790 ,
1457 2712 1514 2793 qui
1537 2725 1694 2795 propterea
1722 2709 1835 2772 salsum
1860 2709 1949 2772 suisse
1971 2711 2023 2772 vel
2036 2711 2099 2771 ea·-

670 2826 774 2886 rolum
793 2827 830 2886 de
843 2823 991 2886 Franchis
1011 2825 1042 2884 in
1063 2821 1233 2884 deliniendo
1251 2842 1323 2903 agro
1344 2821 1538 2906 neapolitano
1550 2821 1651 2884 edicit.
1666 2821 1744 2884 Cum
1762 2822 1865 2904 itaque
1888 2836 2096 2906 argumentum

670 2940 731 3000 hoc
751 2937 886 2997 nondum
905 2937 973 2998 satis
993 2935 1195 3020 explanatum
1213 2935 1382 3014 videatur,
1403 2954 1458 2999 nec
1479 2934 1606 2998 aliunde
1625 2934 1658 2996 id
1684 2935 1802 2998 absolvi
1828 2949 1919 3016 queat
1938 2936 1995 2997 nisi
2014 2950 2099 2996 vete-

670 3070 743 3112 rum
763 3065 1029 3113 monumentorum
1049 3071 1127 3134 ope,
1146 3050 1233 3112 nobis
1256 3064 1414 3135 propterea
1435 3053 1468 3112 in
1488 3049 1548 3112 hac
1573 3050 1820 3112 membranarum
1844 3043 1979 3134 evudyp
2001 3068 2100 3130 quam

671 3159 890 3244 diligentissime
909 3159 1032 3221 notandi
1051 3159 1192 3222 uidentur
1213 3158 1296 3235 loci,
1317 3159 1370 3240 qui
1383 3157 1605 3241 neapolitanam
1619 3155 1657 3216 ad
1672 3157 1829 3219 Liberium
1842 3156 2046 3239 pertinebant,
2069 3171 2100 3218 et

672 3268 895 3329 concinnandae
914 3269 1036 3330 nostrati
1056 3267 1231 3330 inferiorum
1250 3282 1420 3350 temporum
1443 3261 1630 3353 roecypebiq
1643 3265 1868 3348 quodammodo
1881 3265 2020 3326 inservire
2034 3285 2100 3348 pos-

672 3381 740 3442 sint.
761 3379 912 3459 Quocirca
933 3381 1000 3443 heic
1020 3379 1324 3443 animadvertendum
1342 3401 1444 3444 remur
1475 3380 1506 3440 in
1532 3381 1688 3442 memorati
1718 3379 1890 3441 monasterii
1920 3379 2100 3440 membranis

673 3487 857 3572 deprehendi
877 3491 1000 3552 nomina
1020 3491 1224 3575 complurium
1238 3491 1400 3562 locorum,
1420 3491 1473 3572 qut
1494 3490 1524 3552 in
1538 3487 1642 3552 eodem
1661 3489 1818 3550 territorio
1836 3488 1997 3550 Ebutiana
2012 3503 2099 3550 exta·

661 3597 761 3679 bant,
782 3625 818 3666 ac
839 3603 954 3668 idcirco
973 3605 1167 3690 neapolitano
1187 3603 1322 3668 Ducatui
1343 3604 1557 3666 subdebantur.
1577 3603 1623 3667 Ut
1653 3602 1734 3666 enim
1760 3623 1900 3687 praesens
1924 3603 2100 3667 membrana

672 3714 852 3775 mentionem
872 3714 960 3776 habet
980 3715 1062 3790 loci,
1084 3733 1177 3797 quem
1189 3715 1308 3774 Pirum
1328 3713 1527 3792 vocitabant,
1549 3711 1634 3775 haud
1648 3711 1769 3776 fortune
1782 3710 1892 3776 diversi
1906 3712 1944 3774 ab
1965 3733 2021 3790 eo,
2042 3714 2100 3793 qui

672 3829 703 3886 in
724 3827 797 3888 anni
823 3828 900 3888 1016
921 3827 1102 3890 documento
1122 3828 1255 3889 occurrit
1273 3825 1371 3890 dictus
1392 3847 1529 3906 campus
1553 3824 1591 3888 de
1608 3829 1684 3909 piro
1712 3824 1804 3888 simul
1830 3845 1904 3887 cum
1927 3825 2003 3886 binis
2029 3825 2099 3886 aliis

671 3939 746 4002 locis
767 3943 949 4024 nuncupatis
970 3943 1169 4022 Maemalio,
1193 3963 1231 4004 ac
1251 3944 1493 4019 Nascentiano,
1524 3942 1568 4004 ita
1594 3954 1624 4003 et
1648 3941 1709 4003 alia
1734 3941 1804 4002 anni
1828 3943 1906 4005 1050
1925 3935 2099 4004 membrana

670 4052 810 4116 locorum
830 4055 987 4134 meminit,
1019 4056 1073 4137 qui
1112 4055 1288 4118 dicebantur
1300 4103 1310 4134 ,
1343 4057 1583 4137 Quatmpanis,
1609 4055 1833 4136 eampohttatts
1871 4066 1903 4118 et
1930 4056 2042 4118 vacate
2065 4059 2100 4116 in

663 4164 790 4241 finibus
812 4164 977 4225 Liburiae.
998 4165 1063 4226 Hos
1083 4184 1209 4247 quoque
1228 4167 1306 4226 inter
1327 4162 1402 4227 fines
1422 4165 1547 4227 extitisse
1565 4164 1798 4244 Oaaafhrream,
1817 4167 1976 4246 Campum
2001 4166 2101 4227 Turi-

672 4276 809 4332 m'anum
821 4317 832 4351 ,
862 4273 1049 4336 clusuriam
1068 4273 1106 4332 de
1131 4287 1213 4335 term
1241 4271 1362 4335 dictam
1385 4275 1732 4356 Fmotampiezutom,
1754 4285 1872 4338 terrum
1894 4275 2097 4347 Punctum.

677 4386 834 4468 Cenaeum
859 4387 1010 4464 meatem,
1027 4389 1206 4448 &uranum
1225 4399 1255 4450 et
1270 4390 1541 4469 Gesapuczanum
1555 4409 1592 4451 ex
1613 4390 1679 4452 aliis
1699 4390 1793 4472 ipsius
1808 4390 1981 4453 monasterii
2000 4409 2099 4452 metn-

671 4497 776 4562 branis
795 4500 920 4562 eruitur.
942 4496 1060 4559 Verum
1081 4519 1154 4560 cum
1175 4499 1346 4560 donationes
1367 4497 1585 4582 praediorum,
1608 4522 1686 4584 quae
1706 4502 1737 4563 in
1756 4501 1837 4565 hisce
1857 4501 1931 4566 locis
1943 4500 2095 4580 extabant,

671 4627 790 4678 constet
809 4627 887 4676 ratas
906 4611 997 4674 luisse
1016 4612 1134 4675 habitas
1150 4633 1168 4674 a
1182 4609 1368 4696 Pandulpho
1383 4614 1503 4696 Capuae
1519 4612 1660 4699 Principe
1684 4613 1802 4676 saeculo
1815 4615 1885 4691 Xl,
1905 4614 1991 4676 lateri
2009 4633 2099 4698 opor-

668 4738 711 4787 tet
730 4725 786 4787 sub
805 4725 893 4786 huius
912 4723 1066 4785 dominatu
1087 4743 1122 4785 ea
1142 4721 1211 4786 loca
1232 4742 1386 4804 capuanae
1406 4721 1515 4785 ditioni
1535 4722 1656 4786 subdita
1676 4723 1787 4798 fuisse,
1819 4721 1903 4806 quod
1928 4743 2000 4786 sane
2024 4742 2100 4784 con-

668 4835 735 4913 tigit
755 4849 878 4917 propter
898 4833 1002 4912 bella,
1025 4853 1104 4916 quae
1125 4832 1255 4914 capuani
1276 4834 1433 4916 Principes
1453 4832 1652 4916 neapolitanis
1672 4833 1812 4898 Ducibus
1837 4854 1891 4918 per
1912 4853 1945 4897 ea
1965 4848 2101 4918 tempora

669 4943 844 5005 intulerunt.
