4692 6512
1363 935 1435 1005 XL.

564 1243 617 1292 an·
780 1193 811 1289 †
827 1195 864 1266 ln
879 1191 1010 1266 nomine
1028 1189 1151 1266 domini
1166 1191 1219 1266 dei
1235 1188 1402 1262 salvatoris
1418 1187 1519 1258 nostri
1534 1187 1627 1261 ihesu
1643 1185 1755 1260 christi
1771 1185 1949 1283 imperante
1970 1189 2105 1264 domino

551 1358 633 1425 ott.
687 1333 800 1398 nostro
824 1323 1035 1396 Constantino
1058 1320 1290 1418 porfirogenito
1313 1343 1432 1414 magno
1456 1320 1651 1412 imperatore
1683 1339 1769 1387 anno
1801 1317 1966 1390 tricesimo
2001 1334 2106 1396 sexto.

685 1455 741 1525 sed
766 1460 799 1523 et
822 1473 959 1521 romano
975 1472 1094 1542 magno
1118 1450 1314 1542 imperatore
1340 1468 1425 1517 anno
1451 1444 1608 1515 vicesimo
1631 1441 1736 1513 tertio.
1753 1441 1814 1514 Die
1842 1439 1996 1514 vicesima
2012 1449 2110 1541 septi-

684 1600 738 1648 ma
761 1574 882 1648 mensis
906 1573 1043 1645 ianuarii
1068 1573 1243 1644 indictione
1267 1572 1405 1644 secunda
1429 1568 1569 1663 neapoli.
1594 1569 1726 1640 Certum
1751 1575 1799 1638 cst
1823 1589 1882 1638 nos
1906 1569 2046 1663 sergium
2063 1572 2111 1642 li-

684 1703 780 1774 lium.
797 1754 804 1768 .
821 1751 830 1770 .
846 1753 853 1769 .
870 1750 879 1770 .
895 1753 903 1768 .
920 1749 927 1768 .
943 1749 952 1768 .
967 1725 995 1768 .:
1015 1709 1046 1769 et
1062 1697 1254 1791 stephanum
1270 1695 1328 1789 qui
1345 1717 1561 1788 supranomen
1578 1690 1739 1786 pictulum
1755 1691 1860 1762 lilium
1873 1693 2002 1786 quidem
2018 1696 2109 1768 idem

686 1823 810 1894 domini
833 1821 980 1917 stephani
1003 1821 1065 1892 hoc
1082 1830 1129 1891 est
1145 1819 1296 1890 oradellis
1321 1819 1469 1908 cognoris.
1497 1817 1525 1884 A
1538 1819 1675 1908 presenti
1691 1817 1743 1886 dic
1758 1817 1977 1910 promtissima
1992 1817 2108 1890 volun·

686 1959 750 2021 tate
767 1948 1037 2020 commutavimus
1055 1957 1088 2016 et
1104 1946 1295 2016 tradidimus
1311 1943 1405 2015 vobis
1421 1941 1553 2015 domino
1569 1942 1740 2013 benedicto
1757 1941 1933 2014 venerabili
1955 1943 2110 2037 igumeno

686 2074 866 2145 monosterii
900 2083 1075 2140 serratorum
1100 2067 1198 2161 sergii
1227 2077 1260 2140 et
1292 2067 1387 2136 bachi
1417 2067 1476 2160 qui
1499 2090 1586 2139 nunc
1612 2077 1825 2162 congregatus
1850 2079 1899 2139 est
1922 2067 1958 2138 in
1990 2092 2107 2141 mona·

686 2200 785 2270 sterio
810 2207 994 2268 sanctorum
1014 2195 1161 2267 theodori
1188 2205 1220 2267 et
1236 2193 1406 2266 sebastiani
1432 2196 1488 2287 qui
1502 2195 1679 2288 appelletur
1694 2196 1853 2288 eosopictu
1874 2195 1970 2266 situm
1995 2198 2030 2266 ιἰι
2053 2201 2111 2268 vi·

685 2322 820 2394 ridiario
844 2321 924 2392 idest
949 2319 1075 2412 integra
1098 2342 1163 2388 una
1186 2317 1273 2411 petia
1297 2329 1407 2387 nostra
1432 2319 1470 2388 de
1495 2329 1580 2389 terra
1605 2339 1690 2410 quae
1721 2328 1859 2388 vocatur
1888 2330 2018 2412 pratora
2053 2348 2111 2416 per

687 2474 752 2544 qua
776 2447 830 2516 via
853 2446 941 2517 vadit
970 2445 1071 2537 posita
1104 2465 1184 2514 vero
1221 2443 1257 2510 in
1289 2443 1353 2513 loco
1383 2442 1442 2536 qui
1472 2453 1609 2512 vocatur
1638 2443 1855 2535 pumilianum
1889 2446 1968 2517 loris
1997 2472 2111 2520 arcora

688 2576 812 2648 dudum
836 2572 1035 2666 aqueductus
1060 2569 1108 2666 (t)
1134 2591 1298 2639 unacum
1322 2568 1493 2639 arvoriltus
1517 2578 1549 2638 et
1572 2567 1742 2637 introitum
1776 2591 1874 2640 suum
1896 2573 2114 2668 omnibusque

770 2971 815 3055 (ι)
837 2971 864 3031 Ε
884 2970 1056 3032 membrana
1077 2969 1134 3030 hac
1155 2968 1324 3051 colligimus
1343 2967 1499 3032 defluxisse
1519 2969 1593 3032 olim
1619 2969 1841 3055 aquaeductum
1867 2995 1962 3058 prope
1984 2976 2115 3052 locum,

690 3085 742 3145 ubi
762 3085 846 3144 vicus
867 3083 1048 3142 Pumitr'aur'
1058 3078 1143 3154 fhrr's
1162 3100 1273 3140 arcora
1294 3100 1347 3163 per
1368 3077 1504 3140 inferiora
1526 3092 1657 3162 tempora
1684 3081 1818 3144 conditus
1844 3081 1912 3144 fuit.
1938 3084 2018 3144 Huic
2038 3087 2117 3167 qui-

692 3196 760 3257 dem
781 3193 966 3256 Pometiam
991 3191 1127 3252 additum
1148 3191 1203 3252 suit
1223 3184 1389 3270 διακριτικὸν
1403 3193 1488 3268 stm's
1507 3213 1618 3253 orcum
1641 3213 1677 3256 ex
1697 3214 1758 3264 eo,
1789 3193 1875 3276 quod
1905 3196 1991 3258 ultra
2021 3198 2113 3281 ipsius

692 3306 898 3390 aquaeductus
919 3325 1005 3376 arcus
1021 3304 1148 3366 extabat.
1160 3303 1337 3365 Huiusmodi
1352 3324 1424 3365 vero
1438 3305 1644 3386 aquaeductus
1657 3307 1765 3390 procul
1781 3307 1871 3369 dubio
1891 3330 1950 3371 non
1965 3309 2021 3374 suit
2036 3312 2114 3376 alius

692 3421 730 3480 ab
746 3438 800 3496 eo,
823 3415 875 3498 qui
894 3416 1099 3475 Romanorum
1114 3435 1187 3474 aevo
1208 3434 1223 3474 e
1238 3415 1334 3476 Serini
1355 3433 1425 3494 agro
1445 3415 1587 3496 originem
1601 3415 1751 3494 ducebat,
1771 3433 1801 3480 et
1815 3421 2034 3503 quinquaginta
2054 3423 2115 3486 lere

691 3534 834 3596 milliaria
856 3552 986 3592 emensos
1007 3529 1199 3613 perveniebat
1219 3530 1305 3588 Baias
1316 3573 1326 3604 ‚
1347 3549 1382 3590 ac
1402 3530 1571 3612 praesertim
1591 3530 1629 3590 ad
1651 3530 1754 3593 locum
1776 3532 1872 3614 vulgo
1892 3533 1974 3618 apud
1991 3557 2042 3600 nos
2058 3537 2115 3598 ho-

693 3647 740 3707 die
760 3658 964 3727 nuncupatum
979 3642 1150 3703 Piscinam
1164 3639 1366 3716 llIirubr'lem,
1383 3640 1434 3704 ubi
1450 3637 1579 3703 collecta
1594 3641 1727 3725 plurima
1756 3664 1906 3726 aquarum
1931 3648 1975 3709 vis
1988 3654 2118 3712 romanis

693 3757 834 3820 classibus
854 3767 973 3837 praesto
994 3765 1066 3814 erat.
1089 3752 1203 3814 Utrum
1223 3749 1278 3810 sub
1298 3753 1450 3830 Augusto,
1472 3761 1593 3812 curante
1614 3753 1658 3811 Μ.
1676 3752 1827 3836 Agrippa,
1849 3775 1887 3815 an
1906 3755 1961 3820 suh
1974 3757 2114 3840 Claudio,

693 3891 730 3933 an
751 3868 877 3950 denique
897 3865 953 3927 sub
973 3865 1087 3928 Nerone
1102 3860 1237 3924 mirabile
1256 3861 1314 3923 hoc
1333 3881 1406 3946 opus
1426 3862 1517 3923 fuerit
1537 3861 1729 3940 absolutum,
1751 3863 1804 3926 diu
1817 3867 1940 3950 quidem
1954 3870 2032 3932 inter
2051 3894 2118 3935 eru·

694 3985 770 4046 ditos
784 3982 967 4064 disputatum
987 3977 1066 4051 tuit,
1088 3991 1116 4038 et
1137 3975 1236 4038 adhue
1257 3975 1313 4037 sub
1333 3975 1432 4037 iudice
1448 3974 1485 4037 lis
1500 3991 1549 4038 est.
1570 3978 1709 4055 Quonam
1723 3998 1796 4040 vero
1814 3981 1934 4044 saeculo
1947 3983 1997 4044 hic
2011 4005 2120 4068 aquar-

695 4095 806 4156 ductus
828 4090 996 4162 deiecerit,
1016 4088 1088 4148 item
1109 4087 1258 4146 incertum
1278 4097 1330 4148 est.
1352 4086 1442 4146 Sexto
1458 4084 1582 4167 quidem
1602 4087 1721 4148 saeculo
1743 4087 1846 4150 adhuc
1858 4089 2045 4176 profluebat3
2065 4117 2120 4180 per

695 4207 793 4286 ipsum
814 4200 895 4259 enim
917 4193 1077 4257 Belisarius
1097 4215 1176 4254 anno
1191 4196 1248 4276 537
1270 4192 1386 4255 dedero
1407 4215 1555 4277 aquarum
1569 4216 1659 4258 cursu
1674 4198 1801 4282 Neapoli
1817 4202 1932 4283 potitus
1945 4218 2006 4284 est,
2027 4222 2118 4290 prout

697 4333 735 4373 ex
755 4306 880 4370 historia
902 4305 1042 4386 Procopii
1065 4305 1144 4384 (De
1163 4301 1239 4362 bello
1256 4303 1383 4383 gotlu'co
1403 4303 1457 4364 tib.
1477 4304 1534 4387 l.)
1556 4304 1732 4370 luculenter
1758 4323 1851 4390 patet.
1872 4311 1988 4375 Verum
2009 4337 2119 4378 saecu·

695 4425 729 4490 lo
749 4422 790 4483 X.
812 4420 999 4482 obstructum
1019 4418 1079 4477 iarn
1100 4415 1186 4477 luisse
1209 4427 1334 4478 testatur
1356 4436 1489 4497 praesens
1511 4419 1711 4496 membrana,
1733 4441 1813 4502 quae
1832 4443 1909 4486 voce
1924 4423 2046 4486 dedum
2062 4428 2121 4492 dc·

700 4531 815 4596 notavit
836 4526 1061 4612 aquaeductum
1082 4525 1160 4587 olim·
1177 4525 1251 4586 inibi
1278 4525 1417 4588 extitisse.
1444 4529 1546 4606 Quare
1571 4529 1720 4588 miramur
1739 4529 1935 4594 Iustinianum
1957 4536 2118 4617 (Dr'zr‘orr.

697 4668 784 4728 gecg.
804 4665 835 4704 u.
857 4641 1011 4723 Neapoli)
1033 4639 1209 4701 arbitratum
1238 4639 1325 4700 fuisse
1349 4641 1446 4702 Ser-ini
1472 4640 1698 4722 aquaeductum
1730 4640 1783 4706 vel
1812 4625 1960 4710 Carolil.
1990 4649 2123 4734 andega-

699 4755 797 4822 vensis
819 4773 895 4815 aevo
915 4771 1010 4835 aquas
1030 4748 1158 4833 Neapoli
1180 4748 1388 4832 suppeditasse.

780 4865 927 4932 Eiusdem
947 4885 1069 4925 cursum
1088 4859 1207 4923 saeculo
1224 4862 1324 4939 xv1,
1345 4862 1463 4923 iubente
1478 4862 1605 4946 Prorege
1620 4865 1708 4927 Petro
1721 4862 1757 4926 dc
1778 4863 1920 4945 Toledo,
1943 4887 1960 4930 e
1976 4869 2119 4955 vestigiis,

704 4999 781 5060 qrtae
801 4973 966 5037 etiamdum
994 4986 1164 5055 supererant
1175 5016 1185 5050 ,
1209 4970 1437 5033 describendum
1457 4975 1576 5037 curavit
1596 4975 1702 5039 Petrus
1717 4975 1885 5056 Licterius,
1905 4980 1991 5044 cuius
2011 4981 2125 5046 descri-
