4658 6508
326 1211 363 1282 ln
391 1215 524 1284 nomine
548 1213 673 1284 domini
696 1213 749 1285 dei
766 1215 934 1286 salvatoris
949 1215 1051 1286 nostri
1075 1213 1168 1287 ihesu
1189 1218 1302 1289 christi
1325 1221 1504 1312 imperante
1518 1223 1651 1293 domino
1724 1283 1778 1331 gn·

233 1347 345 1410 nostro
368 1339 578 1410 Constantino
601 1341 834 1433 porfirogenito
858 1363 978 1433 magno
1001 1343 1196 1434 imperatore
1220 1367 1305 1414 anno
1322 1345 1577 1418 vicesimanonof
1594 1351 1649 1420 sed
1710 1393 1793 1454 937.

233 1472 266 1532 et
303 1487 431 1534 rmuaao
467 1487 585 1555 magno
624 1465 820 1556 imperatore
848 1487 934 1534 anno
968 1467 1218 1539 sextodecimo:
1254 1469 1317 1540 Die
1348 1469 1501 1540 vicesima
1532 1475 1651 1543 mensis

229 1587 332 1678 magii
360 1586 535 1657 indictione
558 1587 683 1657 decima
706 1588 847 1680 neapoli:
865 1591 968 1660 Horta
993 1601 1041 1660 est
1063 1591 1173 1685 itaque
1196 1591 1332 1662 intentio
1356 1594 1509 1664 interme
1527 1595 1647 1664 iohan-

228 1731 302 1780 nem
340 1709 549 1801 magnificum
583 1710 689 1780 lilium
724 1711 857 1800 quidem
893 1712 1017 1783 domiui
1052 1713 1226 1785 theofilacti
1266 1717 1392 1786 comitis
1428 1718 1523 1787 castri
1552 1742 1647 1788 cum-

230 1832 318 1901 mani
336 1833 397 1927 (t).
418 1843 451 1904 et
467 1855 526 1903 vos
550 1833 700 1906 videlicet
723 1835 865 1926 campulo
889 1837 975 1905 milas
991 1835 1059 1906 lilio
1078 1839 1211 1930 quidem
1227 1841 1352 1910 domiui
1368 1841 1517 1911 iohannis
1540 1844 1653 1913 militis

300 2291 345 2373 (r)
370 2293 489 2350 Cumas
508 2311 563 2372 per
584 2291 722 2371 sequiora
742 2292 1067 2376 saeculanuncupatas
1081 2293 1172 2356 luisse
1191 2295 1336 2356 Castrum
1356 2295 1537 2354 Cumanum
1549 2309 1651 2356 osten·

220 2397 289 2475 dit,
317 2421 389 2481 prae
410 2401 540 2480 reliquis
560 2421 664 2463 eorum
687 2416 860 2482 temporum
881 2405 1110 2479 monumentis,
1137 2402 1274 2484 Epistola
1288 2403 1410 2464 xxxt.
1433 2401 1506 2462 libri
1517 2405 1556 2462 ll.
1571 2405 1652 2464 Gre-

218 2513 291 2593 gorii
317 2511 443 2590 Magni,
474 2533 568 2592 quam
592 2527 623 2573 ct
646 2515 810 2574 Gratianus
834 2515 939 2575 attulit
958 2516 992 2574 in
1011 2537 1069 2578 suo
1090 2515 1221 2577 Decreta
1241 2514 1357 2596 (Part.
1372 2517 1424 2576 II.
1441 2535 1529 2576 caras.
1546 2518 1652 2577 XVI·

218 2633 335 2701 quaest.
351 2627 384 2684 I.
410 2641 482 2700 cap.
502 2623 548 2692 48
563 2622 597 2704 ),
619 2623 673 2682 ubi
694 2623 815 2703 legitur.
840 2625 927 2701 Quia
947 2625 1052 2700 igitur
1070 2623 1201 2684 Cumani
1227 2623 1321 2685 Casta-i
1338 2623 1491 2682 Sacerdos
1513 2621 1651 2702 (nempe

215 2729 420 2814 Episcopus)
451 2751 582 2790 cursum
612 2735 693 2791 uitae
723 2732 822 2791 huius
852 2732 1017 2810 explevit,
1049 2740 1203 2810 utrasque
1231 2751 1287 2790 rros
1317 2730 1478 2790 Ecclesiam
1503 2729 1651 2810 (scilicet

216 2845 387 2903 Cumauam
409 2857 439 2904 et
454 2844 633 2902 Misenatem
650 2839 662 2917 )
680 2843 856 2920 praesentis
878 2841 1074 2900 auctoritatis
1092 2841 1217 2918 pagina
1242 2841 1347 2898 unisse
1366 2853 1424 2902 etc.
1451 2841 1559 2901 Cumas
1579 2843 1650 2921 qui-

216 2955 286 3014 dem
308 2955 518 3015 celeberrimas
540 2955 615 3014 olim
637 2973 692 3034 per
721 2967 817 3016 totam
841 2952 961 3012 ltaliam
984 2952 1074 3012 luisse
1094 2953 1134 3012 ob
1164 2950 1315 3025 divitias,
1344 2953 1510 3042 potentiam
1536 2966 1565 3015 et
1589 2954 1651 3013 alia

213 3067 317 3137 bona,
349 3085 419 3123 curn
443 3067 532 3124 totius
552 3062 739 3142 Campaniae
763 3063 981 3123 fertilissimam
1005 3077 1122 3143 partem
1147 3059 1361 3144 possiderent,
1393 3078 1425 3122 et
1455 3065 1651 3145 opportunis-

213 3179 303 3235 simos
324 3194 420 3256 prope
440 3175 591 3236 Misenum
608 3188 711 3257 portus
731 3176 905 3252 haberent,
934 3176 1072 3258 prodidit
1090 3175 1256 3256 Dionysius
1275 3176 1524 3239 Halicarnasseus
1546 3175 1649 3258 (Lib.

215 3289 294 3344 VII.
311 3284 346 3362 ),
368 3298 398 3344 et
418 3283 495 3344 adeo
510 3285 640 3365 vulgata
662 3301 710 3344 res
731 3297 794 3363 cst,
817 3299 854 3345 ut
868 3285 1009 3365 pluribus
1026 3283 1163 3367 patefieri
1182 3303 1300 3346 neccsse
1315 3306 1378 3344 non
1392 3288 1440 3346 sit.
1460 3285 1550 3345 Anno
1574 3306 1648 3348 vero

213 3398 298 3476 537,
330 3417 393 3477 quo
425 3397 584 3457 Belisarius
613 3398 729 3458 Gothos
759 3394 944 3479 profligare,
977 3419 1013 3457 ac
1043 3396 1167 3460 ltaliam
1198 3417 1306 3478 graeco
1330 3398 1464 3480 Imperio
1488 3397 1648 3462 vindicare

212 3527 364 3589 aggressus
389 3505 474 3580 luit,
505 3505 615 3566 Cumae
635 3506 667 3566 in
688 3508 857 3567 Gothorum
882 3519 1059 3587 potestatem
1088 3522 1261 3579 venerunt,
1294 3506 1341 3568 uti
1370 3505 1471 3588 liquet
1495 3528 1511 3567 c
1532 3509 1650 3598 Prorm

211 3620 261 3698 pio
294 3619 379 3698 (De
412 3617 481 3678 bell.
509 3617 639 3679 Gathar.
670 3615 722 3679 tib.
751 3621 821 3679 ΙΙΙ.
846 3616 903 3677 sub
919 3617 1014 3699 flu.)
1048 3632 1079 3679 et
1108 3641 1124 3678 c
1149 3618 1304 3678 Leonardo
1333 3619 1453 3678 Aretino
1479 3618 1559 3686 (De
1580 3619 1647 3681 tert.

210 3730 308 3792 italic.
330 3730 451 3790 advers.
480 3729 599 3791 Gothos
629 3729 650 3787 l.
672 3732 739 3790 VI.
769 3730 844 3787 item
870 3729 927 3788 sub
943 3729 1004 3806 fier.
1024 3727 1046 3808 ).
1075 3725 1127 3788 Ex
1156 3728 1203 3787 his
1232 3746 1320 3807 porro
1349 3729 1538 3809 scriptoribus
1559 3729 1647 3792 doce·

211 3861 280 3900 mur
293 3843 408 3900 Gothos
427 3841 531 3900 valido
551 3841 714 3901 admodum
740 3842 865 3918 Castro,
888 3842 1015 3920 aliisque
1034 3840 1267 3923 propugnaculis
1287 3841 1392 3900 urbem
1411 3840 1546 3902 eamdem
1562 3863 1646 3902 com·

211 3955 362 4024 munisse,
393 3973 429 4012 ex
450 3973 511 4032 quo
530 3955 645 4012 sactum
674 3968 717 4012 est
747 3966 782 4010 ut
801 3951 916 4013 Totilas
938 3973 998 4010 non
1018 3951 1080 4011 alio
1105 3972 1199 4032 quam
1217 3951 1295 4012 illuc
1315 3952 1427 4032 regiam
1447 3973 1565 4011 omnem
1595 3975 1646 4034 ga-

210 4081 277 4119 zam
305 4061 493 4121 convectarit.
514 4063 554 4122 At
574 4061 710 4120 Nemetes
731 4059 854 4122 devictis
879 4059 917 4120 ad
942 4059 1064 4121 Padum
1087 4061 1257 4120 Gothorum
1287 4060 1378 4141 copiis
1407 4059 1568 4142 Totilaquc
1598 4065 1646 4121 in-

209 4186 379 4254 terempto,
407 4173 516 4233 Cumas
546 4173 727 4250 advolavit,
760 4195 795 4233 ac
826 4175 925 4234 statim
955 4175 1060 4235 Castro
1079 4187 1109 4232 et
1129 4173 1238 4250 ingenti
1259 4192 1351 4254 opum
1381 4172 1414 4234 vi
1435 4173 1545 4252 potitus
1576 4173 1643 4235 suit.

207 4285 257 4345 Ex
282 4284 340 4342 hoc
370 4283 493 4364 quidem
523 4305 599 4346 aevo
628 4287 729 4347 Cumis
758 4306 867 4346 nomeu
894 4287 998 4346 casui
1019 4286 1162 4346 Cumani
1179 4282 1340 4346 adhaesisse
1364 4304 1416 4346 nos
1437 4285 1643 4364 arbitramur,

207 4396 320 4476 quippe
350 4415 421 4454 cum
450 4393 679 4476 inexpugnabile
705 4393 860 4474 quoddam
885 4397 1023 4456 Castrum
1053 4392 1327 4477 septentrionalium
1356 4393 1480 4454 illarum
1510 4400 1645 4476 gentium

206 4527 294 4587 opera
315 4508 440 4570 erasisse
460 4521 532 4566 tunc
564 4508 704 4587 temporis
733 4505 913 4570 viderentur.
945 4509 1012 4568 Hoc
1036 4521 1135 4568 tamen
1166 4511 1315 4568 Castrum
1338 4506 1392 4566 sub
1412 4505 1545 4568 eiusdem
1574 4531 1643 4572 sae-

208 4618 271 4679 culi
302 4621 360 4680 Vl.
388 4617 479 4679 finem
508 4639 568 4677 non
597 4617 701 4678 multis
730 4619 900 4678 habitatum
934 4619 1023 4680 luisse
1054 4619 1222 4680 homiuibus
1249 4631 1374 4680 testatur
1408 4621 1543 4698 Gregorii
1575 4621 1643 4682 hla-

204 4734 255 4812 gni
276 4733 426 4814 epistola,
456 4733 493 4794 de
522 4754 583 4815 qua
603 4753 692 4814 supra
712 4733 910 4793 meminimus.
937 4732 997 4792 Sed
1022 4733 1244 4814 insequentibus
1272 4735 1356 4794 annis
1385 4733 1553 4794 incolarum
1583 4756 1643 4793 nu-

205 4866 324 4904 merum
349 4846 449 4906 denuo
474 4849 650 4910 succrevisse
675 4869 711 4908 cx
736 4868 770 4907 eo
798 4848 902 4908 coniici
922 4859 1038 4928 potest,
1058 4847 1141 4928 quod
1164 4847 1275 4908 Cumae
1295 4849 1405 4908 iterum
1431 4869 1500 4909 suos
1524 4848 1641 4910 habue-

204 4969 279 5016 runt
299 4955 462 5040 Episcopos
471 5003 481 5038 ,
505 4972 539 5020 ut
560 4958 798 5024 animadversum
822 4959 879 5021 suit
899 4960 1059 5043 aGapacio
1079 4959 1188 5045 (Hist.
1207 4961 1313 5040 Naap.
1334 4974 1354 5024 t.
1373 4966 1417 5025 II.
1436 4981 1512 5042 pag.
1527 4963 1593 5042 273
1605 4963 1638 5046 ),
