4616 6532
883 599 1001 696 (Ἠ)

223 754 401 852 vestrisque
429 765 571 851 posteras
595 767 627 826 et
652 757 691 826 de
716 767 896 826 memorato
925 769 1034 826 sancto
1059 765 1091 827 et
1115 757 1291 828 venerabili
1320 766 1429 829 vestro
1452 761 1648 829 nronasterio

225 895 471 977 vestrarumque
495 882 743 974 congregatione
759 881 993 950 monacharum
1008 880 1210 973 presentibus
1226 893 1259 952 et
1273 884 1392 952 suturis
1415 883 1478 952 sint
1501 893 1648 975 potesta-

221 1022 287 1081 tem
304 1012 346 1081 ad
361 1009 521 1081 ebendum
536 1011 569 1078 in
587 1008 819 1100 sempiternum
836 1017 868 1078 et
884 1006 1044 1100 quidquid
1061 1006 1177 1078 exinde
1190 1009 1293 1078 iacere
1312 1010 1452 1080 volueris
1465 1033 1504 1078 av
1517 1009 1649 1078 odierna

222 1133 274 1202 die
299 1157 426 1225 semper
449 1134 584 1204 liberam
608 1131 727 1202 abeatis
758 1141 969 1224 potestatem:
1008 1139 1040 1200 et
1071 1153 1112 1199 av
1148 1130 1281 1200 odierna
1314 1132 1366 1200 die
1401 1154 1507 1224 neque
1542 1157 1559 1198 a
1596 1155 1649 1202 me

223 1269 401 1328 memorato
425 1259 563 1328 iohanne
588 1281 693 1351 neque
718 1283 735 1326 a
759 1255 842 1327 meis
864 1256 1038 1328 heredibus
1060 1277 1121 1327 nec
1144 1281 1163 1324 a
1186 1255 1280 1326 nobis
1300 1257 1447 1347 personis
1471 1259 1650 1327 summissis

225 1389 315 1455 nullo
339 1397 486 1478 tempore
510 1407 688 1478 numquam
712 1395 747 1453 tu
772 1394 950 1453 memorata
975 1383 1106 1453 domina
1133 1384 1241 1453 militu
1265 1383 1458 1454 venerabilis
1492 1385 1648 1454 abbatissa

219 1525 274 1580 ant
299 1525 479 1583 memorato
501 1525 611 1582 sancto
635 1523 667 1583 et
693 1513 867 1583 venerabili
890 1523 1000 1582 vestro
1023 1513 1220 1583 monasterio
1246 1524 1302 1582 aut
1325 1513 1394 1604 ipsa
1411 1524 1519 1582 sancta
1533 1523 1565 1584 et
1582 1538 1647 1582 re-

218 1637 353 1706 nerabili
377 1647 482 1706 restra
507 1636 759 1728 congregatione
783 1636 1017 1704 monacharum
1041 1635 1242 1728 presentibus
1266 1645 1298 1706 et
1321 1635 1438 1705 tuturis
1460 1637 1549 1729 quod
1565 1637 1650 1705 absit

218 1767 258 1834 de
273 1766 341 1856 ipsa
358 1764 505 1855 portione
520 1787 592 1833 mea
609 1763 726 1834 exinde
742 1785 922 1855 numquam
937 1762 1056 1832 abeatis
1077 1761 1249 1855 aliquando
1274 1773 1420 1853 tempore
1440 1785 1648 1855 quacumque

217 1890 463 1981 requisitionem
486 1897 542 1957 aut
565 1887 712 1956 molestia
736 1911 755 1955 a
778 1909 864 1955 nunc
888 1897 920 1954 et
942 1886 977 1954 in
993 1887 1156 1977 perpetuis
1173 1886 1391 1978 temporibus:
1410 1897 1543 1979 propter
1559 1889 1648 1980 quod

220 2029 253 2084 tu
280 2025 457 2086 memorata
481 2015 611 2084 donrina
635 2013 742 2083 militu
766 2013 956 2082 venerabilis
979 2013 1135 2082 abbatissa
1159 2015 1212 2082 cui
1237 2038 1334 2106 super
1366 2037 1486 2086 nomen
1508 2019 1647 2086 rotunda

216 2141 342 2211 nomini
366 2164 439 2210 meo
462 2139 633 2209 memorati
648 2137 796 2206 iohannis
820 2137 853 2206 in
877 2159 984 2207 sacros
1000 2136 1145 2230 dypticos
1164 2137 1211 2232 (5)
1227 2148 1351 2208 vestros
1365 2138 1534 2209 scribsistis
1550 2151 1586 2209 ut
1603 2142 1647 2208 ita

216 2268 308 2335 nobis
332 2267 499 2335 convenit:
523 2266 620 2349 Quod
643 2267 670 2335 si
693 2265 984 2360 quotienscumque
1007 2275 1152 2356 ternpore
1176 2287 1238 2355 ego
1262 2276 1461 2336 memoratus
1484 2265 1643 2336 iohannes

215 2613 385 2696 discrepare
406 2613 594 2674 existimavit
613 2635 646 2674 eo
669 2616 762 2693 nrugis
774 2659 782 2687 ,
806 2613 890 2693 quod
912 2612 1065 2694 quaedam
1080 2633 1184 2673 eorum
1207 2613 1324 2672 ubiuis
1344 2613 1436 2672 simul
1456 2614 1591 2694 personis
1614 2614 1646 2672 in

215 2744 274 2780 una
294 2724 461 2804 eademque
481 2723 661 2782 membrana
686 2739 830 2803 usurpata
849 2721 979 2782 luerunt.
994 2724 1198 2799 Quamobrem
1219 2723 1276 2782 etsi
1290 2721 1491 2782 Mabillonius
1513 2727 1583 2805 (De
1597 2727 1647 2782 Ile

220 2836 305 2911 Dipl.
320 2837 361 2893 L.
381 2853 410 2894 2.
435 2855 462 2891 c.
479 2833 548 2914 7),
568 2835 796 2914 Papebrochius
820 2833 997 2915 (Bolland.
1025 2839 1061 2895 T.
1085 2839 1148 2894 IV.
1171 2833 1254 2894 maii
1259 2855 1295 2914 p.
1319 2851 1357 2897 12
1373 2833 1410 2916 ),
1434 2835 1563 2914 Cangius
1584 2835 1647 2916 (in

214 2949 358 3006 Historia
379 2949 656 3008 montemorenciaco
683 2953 724 3009 L.
746 2950 793 3007 ΙΙ.
812 2968 840 3005 c.
859 2946 925 3026 1),
955 2960 987 3006 et
1007 2947 1192 3006 Muratorius
1222 2946 1294 3027 (A.
1315 2951 1366 3007 M.
1388 2951 1470 3007 ΑΕ.
1499 2949 1587 3008 Diss.
1608 2961 1645 3015 41

215 3063 250 3116 T.
274 3062 345 3120 III.
367 3079 401 3135 p.
421 3059 506 3140 721)
533 3059 682 3120 edixerint
703 3061 884 3140 cognomina
905 3057 1056 3136 gentilitia
1077 3059 1206 3117 abeunte
1227 3057 1349 3118 saeculo
1368 3059 1411 3118 X.
1441 3055 1497 3117 vel
1517 3059 1645 3118 ineunte

214 3173 264 3230 xt.
286 3171 476 3246 obtinuisse,
510 3189 565 3229 nos
596 3185 702 3230 tamen
728 3184 868 3231 veterum
897 3169 1153 3229 documentorum
1178 3183 1348 3229 nostrorum
1374 3170 1553 3230 auctoritate
1575 3169 1648 3229 freti

213 3282 373 3360 opinamur
393 3279 478 3360 apud
499 3299 553 3339 noa
579 3279 744 3360 paullatim
772 3278 940 3338 huiusmodi
962 3281 1146 3358 cognomina
1172 3277 1341 3338 invaluisse
1367 3279 1421 3341 vel
1441 3293 1514 3340 ante
1533 3300 1647 3341 aevum

210 3394 384 3452 corumdem
405 3395 472 3452 usui
493 3415 510 3452 a
530 3391 664 3452 laudatis
685 3393 883 3471 scriptoribus
897 3394 1118 3474 praestitutum.

290 3505 335 3584 (5)
357 3505 402 3564 De
423 3504 577 3584 dypticis,
604 3507 668 3564 sive
687 3503 776 3564 libris
795 3505 933 3566 eburneis
963 3526 998 3564 ac
1019 3503 1169 3585 peculiari
1189 3527 1294 3567 eorum
1315 3506 1410 3568 sorma
1429 3523 1544 3589 praeter
1560 3511 1642 3572 Can-

209 3622 294 3700 gium
316 3619 488 3701 complures
514 3617 568 3678 alii
586 3617 741 3699 scriptores
761 3619 925 3678 orationem
949 3619 1159 3694 instituerunt,
1183 3619 1263 3678 inter
1284 3640 1360 3699 quos
1380 3622 1556 3702 praesertim
1577 3625 1638 3684 Bo·

210 3734 375 3800 narrotius,
397 3731 570 3791 Mazochiu's
591 3743 622 3791 et
640 3729 751 3790 Gorius
773 3750 833 3788 non
853 3728 977 3808 vulgari
999 3727 1121 3810 quidem
1141 3728 1314 3789 eruditione
1335 3746 1464 3810 spartam
1479 3735 1560 3792 hanc
1589 3755 1640 3793 or·

208 3855 326 3900 narum.
347 3841 393 3900 Ut
414 3841 505 3918 igitur
526 3859 630 3899 eorum
651 3839 872 3900 lucubrationes
891 3835 995 3918 palam
1016 3837 1102 3896 nobis
1121 3836 1255 3914 faciunt,
1277 3860 1339 3898 vox
1359 3839 1504 3918 dypticus
1519 3833 1579 3898 atet
1592 3839 1656 3900 seb·

207 3947 343 4010 πτύσσειν
357 3952 509 4030 plicare,
531 3961 562 4010 et
581 3943 636 4008 tto
656 3949 718 4008 duo
739 3947 870 4030 prolecta
890 3964 947 4021 est;
968 3967 1039 4006 nam
1061 3948 1139 4008 duae
1160 3971 1196 4008 ex
1216 3951 1304 4011 ebore
1323 3949 1446 4012 tabulae
1472 3949 1639 4031 dypticum

210 4063 427 4138 conficiebant,
463 4077 492 4124 et
521 4063 603 4143 ipsae
621 4063 701 4122 iuter
721 4082 752 4122 se
772 4060 973 4143 plicabantur.
995 4061 1077 4120 Hinc
1097 4075 1180 4140 patet
1200 4062 1232 4122 S.
1256 4063 1462 4142 Augustiuum
1482 4063 1602 4124 tabulas
1622 4087 1639 4124 a

207 4178 271 4233 Deo
292 4173 390 4252 Moysi
410 4171 535 4232 traditas
555 4175 618 4231 iure
637 4171 807 4250 meritoque
828 4169 988 4248 dypticum
1011 4189 1212 4249 nuncupasse.
1235 4169 1373 4229 Exterior
1393 4171 1571 4232 huiusmodi
1598 4174 1642 4234 li-

210 4287 331 4345 brorum
351 4304 418 4366 pars
438 4297 491 4342 aut
504 4279 587 4342 rudis
601 4297 682 4356 erat,
704 4298 755 4342 aut
766 4283 887 4363 picturis
901 4282 953 4344 vel
967 4283 1132 4362 sculpturis
1147 4284 1286 4342 exornari
1301 4287 1471 4358 consucvit3
1487 4307 1555 4366 pars
1567 4304 1641 4350 vero

210 4396 330 4454 interior
354 4408 408 4454 aut
430 4389 514 4452 nuda
534 4405 585 4451 aut
605 4392 797 4482 membranas
818 4390 928 4452 induta
949 4392 1142 4472 scriptionem
1156 4392 1333 4474 excipiebat.
1364 4395 1432 4456 Non
1447 4395 1500 4456 uni
1515 4395 1640 4476 quidem

210 4511 276 4566 usui
291 4505 447 4586 mancipati
467 4503 590 4564 luerunt
610 4501 732 4580 dyptici
738 4526 745 4575 ;
766 4501 820 4562 sed
834 4504 963 4562 maxime
984 4505 1123 4561 omnium
1144 4504 1175 4562 in
1200 4501 1331 4565 ecclesiis
1345 4506 1481 4587 usurpati
1502 4521 1591 4580 sunt,
1606 4509 1639 4566 in

209 4613 407 4692 quibushuic
427 4611 575 4673 librorum
595 4611 700 4691 generi
721 4608 942 4670 mandabantur
961 4612 1082 4671 nomina
1101 4631 1202 4671 eorum
1213 4657 1223 4687 ,
1245 4611 1300 4691 qui
1321 4614 1481 4692 praecipue
1502 4633 1638 4674 comme-

211 4726 351 4788 morandi
365 4740 466 4799 erant,
488 4725 614 4807 quando
634 4743 749 4784 sacrum
762 4723 973 4804 peragebatur.
989 4725 1105 4786 Utrum
1118 4745 1192 4784 vero
1208 4726 1247 4786 ad
1262 4725 1415 4786 saeculum
1429 4726 1500 4786 ΧΠ.
1519 4747 1639 4808 usque,

212 4839 253 4894 uti
274 4835 456 4915 quibusdam
476 4835 671 4917 scriptoribus
691 4833 821 4914 placuit,
844 4854 883 4895 an
904 4831 1034 4896 ulterius
1056 4833 1254 4914 dyptieorum
1274 4856 1345 4895 usus
1360 4834 1543 4918 perdurarit,
1559 4857 1639 4904 non-

215 4947 288 5007 dum
310 4968 364 5028 pro
385 4947 545 5024 explorato
565 4947 704 5006 babetur.
