4692 6512
580 1152 634 1200 an.

565 1261 608 1321 94
620 1272 650 1324 1.

1339 641 1481 743 (rao)

1340 896 1490 970 XXXIV.

797 1065 829 1160 †
844 1066 881 1137 ln
904 1062 1039 1134 nomine
1063 1058 1189 1133 domini
1213 1059 1266 1133 dei
1281 1057 1454 1130 salvatoris
1469 1056 1572 1129 nostri
1586 1057 1657 1129 iesu
1672 1054 1786 1129 cbristi
1801 1055 1979 1151 imperante
1994 1057 2130 1130 donnino

699 1197 812 1266 nostro
835 1189 1045 1263 Constantino
1066 1208 1187 1280 magno
1209 1184 1403 1281 imperatore
1426 1206 1512 1255 anno
1534 1181 1698 1255 tricesimo
1721 1182 1819 1253 tertio
1843 1184 1900 1255 sed
1929 1191 1963 1253 et
1990 1205 2129 1256 romano

697 1342 817 1415 magno
841 1317 1036 1412 imperatore
1060 1336 1146 1385 anuo
1169 1313 1324 1385 vicesimo
1346 1311 1400 1384 die
1422 1306 1690 1405 vicesimoquinto
1712 1309 1830 1380 mensis
1844 1307 1928 1379 iunii
1951 1307 2129 1381 indictione

697 1447 941 1546 quartadecima
956 1443 1119 1540 neapolim
1137 1443 1279 1516 Definivi
1296 1465 1358 1535 ego
1373 1439 1529 1514 iohannes
1545 1439 1631 1511 lilius
1647 1438 1782 1534 quidem
1796 1439 1993 1512 venerabilis
2004 1442 2128 1514 domini

697 1573 858 1666 stephani.
884 1580 993 1644 Qum
1016 1569 1157 1664 denique
1186 1566 1340 1662 gregorio
1370 1565 1425 1636 cui
1454 1587 1553 1659 super
1579 1585 1699 1635 nomen
1722 1564 1876 1635 cinnamo
1892 1552 1969 1634 ¹lilio
1994 1564 2126 1659 quidem

700 1698 825 1770 domini
850 1697 1007 1768 iohanni:
1035 1697 1075 1767 de
1108 1693 1313 1788 questionem
1340 1713 1442 1785 quam
1475 1701 1554 1783 aput
1581 1699 1615 1763 te
1638 1691 1745 1762 iacere
1770 1689 1860 1762 visus
1882 1711 1957 1762 sum
1979 1712 2042 1784 pro
2066 1692 2125 1762 vi-

695 1847 759 1893 nea
783 1828 817 1892 et
840 1842 993 1915 campum
1016 1842 1075 1892 seu
1098 1827 1273 1890 cannetum
1307 1816 1439 1890 insimul
1462 1815 1652 1889 ooniuctum
1681 1815 1825 1911 positum
1859 1818 1895 1888 in
1922 1839 2027 1888 massa
2051 1819 2124 1890 sol-

695 1949 783 2021 lense
807 1947 856 2044 (t)
873 1969 973 2042 super
995 1969 1085 2018 mare
1110 1945 1278 2017 territorio
1300 1945 1465 2042 plagiense
1488 1943 1626 2016 habente
1649 1943 1722 2016 finis
1746 1943 1846 2015 simul
1869 1942 1910 2014 ab
1932 1965 2001 2016 uno
2025 1944 2123 2018 latere

770 2194 816 2276 (r)
836 2193 1007 2272 Quemdam
1026 2193 1216 2274 praediorum
1236 2195 1363 2257 modum
1384 2202 1530 2260 Massam
1549 2196 1637 2258 fuisse
1657 2211 1862 2278 nuncupatam
1876 2199 1936 2258 iam
1951 2199 2123 2262 observavi-

690 2328 759 2371 rnus
778 2307 889 2391 pagina
919 2321 941 2380 4
970 2303 1163 2370 adnotatione
1188 2303 1245 2389 (8).
1265 2308 1343 2370 Cum
1362 2325 1451 2389 porro
1471 2307 1502 2366 in
1522 2305 1673 2388 plerisque
1692 2309 1810 2370 Massia
1829 2307 1965 2370 hominen
1989 2309 2045 2370 sibi
2066 2309 2123 2372 tlo-

688 2421 801 2482 micilia
821 2420 1037 2480 constituissent
1049 2460 1059 2494 ,
1090 2438 1169 2498 quae
1189 2437 1245 2499 pro
1265 2431 1465 2480 succrescente
1485 2419 1518 2479 in
1539 2417 1601 2480 dies
1620 2417 1790 2480 incolarum
1820 2441 1946 2484 numero
1977 2421 2123 2504 ampliata

694 2533 832 2619 deinceps
852 2532 1000 2612 suerunt,
1020 2531 1135 2593 factum
1155 2545 1199 2593 est
1218 2543 1253 2590 ut
1272 2536 1403 2595 Massac
1424 2533 1502 2615 ipsae
1515 2533 1546 2592 in
1561 2532 1642 2596 vicos
1662 2532 1819 2594 evaserint.
1839 2533 1907 2596 Hac
1922 2554 1993 2596 sane
2014 2535 2126 2598 ratiorm

693 2647 778 2732 apud
797 2667 852 2710 nos
871 2644 1047 2730 prodierunt
1067 2650 1180 2708 Massa
1202 2644 1394 2722 Lucensis,
1417 2667 1436 2706 a
1456 2645 1609 2707 Minervae
1629 2643 1751 2706 sortasse
1772 2645 1904 2708 delubro
1924 2647 1966 2708 ita
1985 2661 2121 2725 vocata,

693 2760 806 2826 Massa
825 2759 1003 2836 Atellam,
1025 2761 1138 2820 Maesa
1159 2763 1339 2842 AEquana
1351 2804 1364 2830 ‚
1393 2771 1443 2830 et,
1466 2779 1503 2820 ne
1526 2759 1676 2819 universas
1701 2777 1993 2834 commemoremus,
2014 2765 2124 2822 Massa

693 2874 865 2950 Sollentia,
887 2895 982 2957 qrram
1001 2895 1136 2958 praesens
1156 2875 1256 2936 innuit
1275 2875 1503 2936 documentum.
1523 2874 1607 2934 Haec
1632 2893 1704 2935 vero
1731 2873 1886 2957 appellata
1909 2873 2031 2936 videtur
2051 2875 2124 2938 Sol-

691 2985 788 3048 lensis
807 3007 825 3047 a
846 2985 947 3055 Sola,
977 3005 1069 3070 quem
1088 2986 1192 3046 vicum
1212 2985 1302 3046 simul
1324 3006 1396 3047 cum
1416 2984 1479 3049 alio
1502 2985 1645 3048 cabum
1670 2997 1846 3068 nuncupato
1870 3006 1966 3070 prope
1990 2990 2124 3050 Turrim

695 3101 851 3160 Octavum
871 3096 984 3180 (bodie
1008 3098 1106 3157 Terre
1125 3095 1177 3157 del
1199 3095 1354 3178 crece),
1381 3096 1413 3155 in
1432 3114 1468 3153 co
1488 3093 1633 3154 nimirum
1653 3090 1745 3171 loco,
1772 3095 1825 3176 qui
1843 3114 1921 3155 nunc
1942 3095 2024 3178 apud
2046 3117 2125 3158 corr-

690 3221 839 3271 terraneos
859 3206 944 3269 audit
963 3210 1067 3274 Sem,
1087 3207 1216 3266 extitisse
1235 3203 1369 3288 prodidit
1387 3204 1526 3264 Claritius
1546 3202 1646 3284 (pag.
1670 3199 1764 3284 137).
1783 3203 1875 3264 Nobis
1895 3203 2019 3285 quidem
2039 3205 2124 3266 Mas·

695 3339 760 3381 sam
780 3319 859 3382 banc
878 3337 938 3378 non
959 3316 1033 3376 alibi
1053 3319 1245 3377 constitutam
1264 3315 1351 3378 luisse
1371 3315 1475 3378 suadet
1493 3329 1560 3378 tum
1575 3315 1711 3378 additum
1729 3309 1765 3375 rd
1784 3315 1956 3396 Sollentia,
1977 3331 2043 3378 tum
2063 3319 2122 3383 alia

691 3430 865 3498 membrana
886 3429 1056 3510 conscripta
1076 3448 1157 3490 anno
1170 3429 1210 3492 11.
1227 3428 1419 3510 Imperatoris
1432 3427 1592 3510 Nicephori
1607 3426 1656 3492 die
1671 3445 1710 3508 29
1725 3429 1843 3508 augusti
1861 3427 2024 3491 indictione
2036 3430 2122 3506 Vlll,

693 3544 746 3606 ubi
765 3541 870 3610 eadem
889 3545 1000 3611 Maesa
1019 3539 1131 3603 dicitur
1150 3541 1246 3625 posita
1265 3540 1419 3603 tem'torio
1434 3539 1598 3618 plegiensi
1612 3579 1623 3614 ,
1645 3539 1678 3599 in
1696 3559 1760 3622 quo
1779 3553 1809 3601 et
1823 3540 1901 3606 Sola
1920 3542 2067 3617 extabat,
2089 3543 2121 3606 in

691 3678 726 3718 ea
746 3653 861 3718 scilicet
879 3653 1062 3738 neapolitani
1080 3655 1216 3716 Ducatus
1236 3673 1304 3728 ora,
1325 3670 1405 3734 quac
1425 3648 1464 3712 ad
1484 3651 1606 3714 laevum
1625 3650 1707 3712 urbis
1727 3651 1868 3734 principis
1888 3652 1967 3714 latus
1987 3653 2123 3714 extendi·

690 3785 765 3850 tur,
792 3771 972 3851 eaeterisque
992 3767 1133 3830 fluctibus
1153 3764 1289 3827 alluitur.
1309 3765 1398 3827 Hanc
1418 3765 1497 3826 enim
1516 3764 1701 3854 potissimum
1720 3785 1804 3824 oram
1824 3767 1962 3834 anostris
1976 3765 2119 3828 tabellio-

690 3883 778 3946 nibus
797 3881 946 3945 tervz'tcn'r’
959 3880 1132 3960 plagiemrb
1150 3879 1270 3938 nomine
1294 3875 1455 3954 donatam,
1483 3888 1583 3936 vetera
1604 3889 1753 3935 testantur
1773 3877 1976 3938 instrumenta.
1996 3877 2120 3939 Accedit

690 4009 843 4077 praeterea
858 3993 942 4075 quod
953 3989 1165 4054 Monaaterium
1176 3989 1208 4050 S.
1224 3987 1410 4061 sebastiani,
1425 4007 1442 4047 e
1457 3985 1541 4046 catius
1557 3985 1682 4046 arcblvo
1699 3999 1797 4047 nostra
1811 3987 1886 4048 baec
1900 3987 2009 4072 prodiit
2023 4011 2120 4051 rnem·

690 4107 813 4184 brana,
847 4109 879 4166 in
899 4125 969 4186 agro
989 4125 1082 4186 prope
1103 4103 1213 4163 Solam
1233 4099 1383 4182 quaedam
1402 4095 1561 4182 possedisse
1580 4096 1700 4181 praedia
1726 4111 1809 4179 patet
1828 4119 1868 4160 ex
1890 4099 1956 4162 alio
1985 4101 2119 4162 eiusdem

689 4219 864 4282 Monasterii
883 4220 1076 4277 instrumento
1095 4215 1164 4275 anni
1188 4215 1287 4292 1267,
1319 4213 1357 4274 de
1384 4233 1447 4293 quo
1465 4210 1607 4274 Claritius
1636 4210 1747 4272 ibidem
1773 4213 1916 4275 meminit.
1937 4215 2054 4278 Verum
2086 4228 2117 4275 et

691 4333 807 4394 Masta
828 4329 1001 4403 Salientes,
1022 4341 1052 4388 ot
1072 4328 1147 4391 Sola
1158 4369 1168 4400 ,
1193 4338 1224 4387 et
1248 4325 1429 4388 Colustrum
1448 4325 1572 4408 posthac
1596 4322 1732 4386 funditus
1763 4324 1966 4402 interierunt,
1997 4324 2120 4388 sortasse

689 4440 910 4524 erumpentium
931 4460 947 4500 e
967 4438 1137 4521 propinquo
1155 4436 1277 4500 vesuvio
1297 4433 1486 4500 flammarum
1505 4435 1668 4498 vorticibus
1689 4435 1858 4519 absumpta.
1882 4439 1974 4499 Soloe
1993 4436 2118 4519 quidem

689 4550 824 4628 κιιμήλια
843 4547 993 4632 quaedam
1013 4546 1131 4610 saeculo
1150 4546 1255 4612 xvn.
1269 4543 1371 4610 adbuc
1385 4545 1545 4621 extabant,
1566 4564 1660 4625 eaque
1674 4543 1868 4606 describenda
1883 4547 2004 4608 curavit
2018 4546 2050 4607 io
2065 4566 2119 4609 sua

694 4661 807 4726 Tum's
831 4663 967 4724 Oetam
987 4657 1118 4718 Historia
1132 4654 1306 4720 Franciscus
1326 4653 1496 4732 balnanus,
1518 4653 1571 4735 qui
1595 4667 1693 4714 tamen
1713 4667 1775 4714 toto
1795 4653 1881 4715 coelo
1892 4655 2023 4733 erravit,
2046 4675 2118 4718 cum

692 4775 852 4842 arbitratus
872 4769 931 4832 tuit
950 4765 1057 4830 eadem
1076 4779 1221 4849 spectasse
1241 4764 1282 4826 ad
1303 4763 1540 4833 Herculanum,
1572 4778 1603 4825 et
1631 4763 1740 4824 urbem
1758 4763 1864 4840 banc,
1896 4783 1975 4848 quae
2004 4762 2115 4826 deinde

692 4887 764 4947 alibi
785 4897 934 4969 comperta
955 4895 999 4943 tot
1020 4893 1210 4944 vetustarum
1229 4895 1324 4962 opum
1356 4891 1436 4939 strue
1456 4877 1587 4962 Regium
1613 4874 1723 4939 ditavit
1742 4875 2013 4958 Gimeliarcblum,
2048 4877 2117 4944 illic

692 4995 844 5072 extitisse,
865 4993 918 5056 ubi
939 4993 1032 5054 Solae
1051 4993 1135 5054 vicus
1157 4989 1291 5054 conditus
1311 4987 1385 5052 olim
1406 4986 1476 5052 suit.

2322 3747 2329 3892 ¹
