4616 6532
1550 716 1672 774 XXXV

241 850 446 965 exemplis
472 848 744 952 habuissent,
778 846 1060 964 explodendas
1082 877 1249 962 prorsus
1278 852 1524 960 sententias,
1560 884 1668 970 quas

241 999 338 1084 inde
367 996 624 1101 hauserant,
656 994 701 1079 in
731 992 921 1081 medium
954 993 1200 1082 attulerunt.
1232 995 1280 1083 ln
1308 993 1389 1082 hoo
1416 1017 1561 1088 tamon
1591 1031 1661 1086 er·

240 1169 387 1227 rorum
411 1167 557 1252 genere
587 1134 882 1249 ignoscendum
910 1155 969 1224 est
996 1155 1090 1222 tum
1118 1143 1289 1244 exteris,
1318 1141 1474 1254 quibus
1501 1163 1665 1232 nostra·

236 1315 335 1372 rum
363 1287 709 1372 membranarum
737 1281 975 1395 apographa
1003 1283 1296 1371 tantummodo
1325 1287 1443 1372 licuit
1470 1289 1659 1374 eonsule-

238 1464 310 1536 re,
340 1449 434 1516 tum
462 1431 671 1545 plerisque
698 1429 946 1516 nostratibus
973 1428 1276 1542 scriptoribus,
1306 1431 1461 1544 quibus
1480 1463 1557 1547 per
1577 1464 1662 1520 aii-

237 1590 366 1658 teacta
395 1573 594 1679 saecula,
625 1599 713 1658 non
761 1571 819 1656 ita
867 1587 1006 1656 nostra
1047 1569 1254 1656 tabularia
1301 1587 1563 1685 patuerunt,
1612 1594 1662 1660 ut

235 1717 493 1835 autographa
523 1723 719 1805 universa
746 1714 904 1802 ibidem
931 1715 1083 1801 intueri
1113 1733 1312 1828 possent,
1342 1747 1417 1803 nec
1444 1747 1571 1829 porro
1600 1718 1663 1804 fa-

233 1864 408 1950 miliaris
446 1864 682 1951 admodum
728 1864 826 1978 ipsis
872 1879 1062 1948 evaserat
1108 1861 1379 1972 intelligentia
1428 1863 1664 1952 carutium

233 2009 500 2114 litterarum,
530 2008 683 2122 quibus
710 2023 882 2092 exarata
910 2022 1137 2090 occurrunt
1164 2003 1484 2120 quamplurima
1525 2026 1663 2096 nostra

232 2152 509 2238 vetustiorum
538 2169 781 2266 temporum
809 2165 1096 2236 monumenta.
1128 2147 1212 2234 Sed
1241 2148 1327 2232 iam
1356 2175 1470 2234 nuno
1497 2169 1663 2238 nostrae

230 2295 355 2381 huius
383 2295 636 2384 collectionis
663 2295 845 2384 subsidio
873 2297 960 2383 fore
987 2323 1238 2408 speramus,
1280 2315 1329 2380 ut
1370 2316 1412 2382 et
1441 2301 1588 2386 nostris
1618 2321 1660 2387 et

227 2439 384 2523 exteris
431 2438 720 2551 maximopere
754 2435 999 2525 laetandum
1039 2439 1127 2544 sit,
1169 2441 1269 2555 quia
1306 2439 1386 2528 sibi
1430 2441 1484 2526 ob
1523 2443 1664 2531 oculos

230 2577 411 2693 denique
454 2579 677 2666 obiiciatur
717 2579 923 2666 eximium
942 2579 1049 2666 illud
1067 2581 1340 2668 commodum
1360 2645 1373 2688 ,
1402 2583 1517 2696 quod
1536 2584 1664 2670 Leib-

228 2723 382 2809 nitium
410 2723 517 2810 olim
543 2725 731 2837 Rymero
760 2721 958 2810 invidisse
996 2749 1072 2808 sua
1110 2722 1214 2810 haee
1251 2724 1383 2811 verba
1422 2741 1657 2812 testantur:

229 2871 532 2983 Experiamur
560 2871 652 2956 iarn
680 2870 835 2984 ingens
863 2883 905 2957 et
931 2869 1060 2957 haud
1084 2867 1216 2956 dabie
1228 2865 1515 2984 praeclarum
1542 2869 1659 2957 Tito·

226 3042 330 3102 mae
356 3015 548 3129 Rymeri
574 3043 711 3128 opus,
741 3014 820 3128 qui
847 3014 902 3100 de
928 3039 976 3098 re
995 3010 1180 3126 publicu
1208 3025 1250 3096 ot
1277 3011 1493 3098 litteraria
1521 3043 1660 3100 mere-

227 3155 346 3242 bitur
369 3159 574 3274 egregie,
616 3169 678 3242 tot
723 3156 920 3271 antiquis
952 3154 1135 3244 Galliae
1162 3157 1453 3242 monumentis
1481 3183 1535 3242 ex
1561 3161 1658 3244 Ar·

227 3297 452 3390 cbr‘vonrm
476 3300 565 3384 sz'tu
591 3296 896 3412 tenebrisque,
936 3293 1094 3412 quibus
1133 3295 1345 3384 hactenus
1384 3295 1661 3386 dantnaban·

228 3454 335 3546 ίαν,
364 3441 587 3532 inlunem
612 3444 845 3564 productis
879 3501 1550 3534 .........................
1581 3450 1662 3535 sed

224 3579 309 3669 lioc
338 3581 410 3668 illi
426 3615 543 3700 prae
569 3584 692 3673 nobis
720 3586 935 3672 eximium
962 3586 1175 3702 contigit,
1215 3583 1336 3701 quod
1359 3585 1426 3674 ad
1449 3587 1548 3702 ipssa
1575 3617 1659 3674 au-

225 3723 418 3813 thentica
445 3728 682 3842 originalia
709 3727 929 3817 admissus
949 3728 1136 3815 deveris
1164 3727 1421 3814 lectionibus
1439 3741 1532 3815 tuto
1545 3759 1659 3845 pro·

225 3866 432 3955 nuntiare
455 3883 615 3985 potest,
645 3869 755 3957 dum
782 3899 861 3954 nos
878 3869 1147 3984 plerumque
1175 3867 1441 3985 apographis
1466 3875 1659 3957 contenti

225 4035 320 4096 esse
348 4011 584 4128 cogimur,
613 4041 833 4129 saepeque
860 4012 910 4098 in
938 4014 1102 4098 incerto
1129 4039 1366 4098 versamur.
1395 4013 1482 4100 Nos
1510 4030 1654 4102 tamen

224 4151 403 4238 minime
424 4139 552 4238 latuit
581 4181 729 4240 eorum
756 4179 927 4269 quoque
955 4151 1198 4240 habendam
1226 4179 1311 4237 esse
1330 4153 1556 4260 rationem,
1574 4156 1654 4270 qui

224 4319 310 4375 uno
338 4291 472 4379 veluti
499 4293 682 4402 intuitu,
713 4291 821 4411 quid
848 4294 1098 4382 membrana
1136 4295 1372 4401 contineat,
1417 4294 1653 4408 dignoscere

224 4434 432 4547 cupiunt,
463 4451 505 4520 et
532 4435 721 4523 laborem
749 4463 798 4522 ao
826 4433 1045 4524 fastidium
1072 4451 1347 4542 aversantur,
1382 4461 1493 4551 quae
1525 4438 1651 4523 totius

224 4577 494 4663 membranae
520 4576 642 4665 lectio
671 4578 770 4692 ipsis
804 4575 985 4664 afferret.
1031 4575 1130 4682 Qua
1174 4576 1227 4662 de
1256 4601 1381 4664 causa
1422 4577 1650 4693 unicuique

224 4717 433 4806 volumini
460 4717 807 4808 membranarum
835 4715 1019 4804 indicem
1038 4717 1382 4834 praeposuimus,
1402 4745 1488 4834 quo
1506 4721 1649 4834 paucis

224 4865 396 4952 lectores
422 4865 676 4972 edocentur,
706 4861 912 4982 quidnam
944 4864 1169 4978 praecipue
1209 4879 1297 4949 toto
1324 4863 1368 4948 in
1396 4861 1646 4952 documento

225 5013 498 5100 contineatur.
1406 5009 1427 5052 *
