4658 6508
894 619 1015 716 (95)

235 798 386 870 eampum
413 780 471 873 qui
488 781 676 851 nominatur
702 803 775 853 cesa
791 781 914 853 donati.
945 798 973 853 et
1003 786 1043 856 de
1071 807 1221 880 campum
1245 788 1305 880 qui
1328 795 1464 858 vocatur
1488 789 1658 860 teboriola.

234 903 329 973 etde
353 925 506 998 campum
529 907 589 999 qui
613 907 794 999 appellatur
816 906 1056 979 botronianum.
1091 919 1124 980 et
1152 911 1193 981 de
1219 909 1320 981 alium
1356 936 1505 1006 campum
1529 917 1587 1008 qui
1612 925 1660 986 est

232 1048 324 1096 secus
348 1028 482 1100 molesia
508 1028 662 1100 distructa
695 1029 781 1100 beati
809 1030 959 1103 ianuarii.
987 1042 1020 1104 et
1049 1034 1089 1104 de
1117 1057 1267 1130 eampum
1291 1038 1350 1132 qui
1372 1050 1508 1109 vocatur
1531 1041 1656 1111 tabora.

229 1149 309 1220 item
338 1161 372 1223 et
406 1155 448 1224 do
482 1175 633 1247 campum
661 1153 720 1248 qui
753 1153 932 1247 appellatur
967 1157 1177 1230 castanietum
1212 1182 1289 1229 cum
1323 1171 1409 1230 terra
1446 1163 1506 1256 qui
1540 1164 1659 1234 dicitur

229 1278 335 1347 casula
359 1278 480 1350 ibidem
503 1279 684 1350 coniunta:
710 1280 771 1352 bec
794 1291 902 1350 autem
926 1282 1062 1354 fundum
1087 1292 1121 1355 et
1150 1307 1317 1377 camporas
1344 1287 1486 1379 positum
1518 1288 1553 1358 in
1582 1312 1658 1361 me-

228 1414 357 1474 morato
379 1406 452 1475 loco
474 1407 534 1499 qni
557 1415 693 1477 vocatur
727 1405 939 1478 amulianum.
978 1409 1028 1479 De
1063 1434 1129 1504 qua
1160 1434 1220 1482 vos
1252 1411 1379 1505 quesivi
1412 1413 1547 1485 dicando
1582 1387 1658 1508 pars

225 1550 299 1599 mea
334 1529 507 1600 memorati
540 1529 689 1600 iohannis
720 1531 797 1623 quia
830 1542 1029 1604 memoratus
1059 1535 1231 1629 palumbus
1261 1547 1294 1608 et
1324 1534 1478 1609 iohannes
1509 1541 1656 1632 genitore

224 1667 258 1727 et
281 1654 350 1726 tilio
372 1655 499 1726 fraudati
523 1658 563 1729 dc
585 1657 773 1749 parentibus
795 1659 877 1730 meis
901 1660 1032 1731 fumum
1067 1671 1101 1734 ct
1134 1665 1371 1756 prenominatus
1407 1689 1576 1760 camporas
1612 1693 1654 1739 ex

222 1783 294 1874 ipso
317 1782 420 1853 tundo
443 1781 606 1875 pertinent
629 1792 663 1854 et
690 1785 875 1878 parentibus
903 1789 986 1860 meis
1017 1789 1090 1860 illos
1118 1790 1369 1862 dominaverunt
1401 1795 1532 1885 quando
1555 1795 1654 1866 lavo-

223 1916 309 1976 ratas
333 1908 478 1978 suerunt:
504 1929 579 2000 pars
602 1917 710 1980 autem
726 1921 848 1981 vestras
862 1911 1048 2006 replicando
1061 1914 1261 2006 respondeva
1285 1913 1333 2011 (3)
1346 1913 1455 1986 dicens
1477 1915 1554 1988 bere
1577 1939 1653 1988 me-

298 2246 343 2329 (3)
365 2249 502 2311 Verbum
521 2254 581 2313 hoc
601 2254 793 2335 respondeus
813 2255 950 2316 italicum
972 2278 1093 2339 prorsus
1114 2277 1175 2318 esse
1194 2259 1298 2338 ipsum
1318 2274 1417 2339 perse
1432 2255 1556 2316 clamat.
1573 2255 1651 2316 Cum

216 2373 292 2416 vero
313 2370 342 2416 et
360 2357 392 2416 in
410 2359 563 2440 plerisque
585 2360 652 2423 aliis
672 2365 849 2426 nostratibus
869 2363 1002 2426 eiusdem
1021 2366 1113 2428 huius
1132 2363 1248 2427 saeculi
1269 2365 1312 2424 X.
1336 2363 1523 2425 documentis
1547 2359 1650 2421 italica

215 2485 376 2531 occurrant
396 2474 565 2549 vocabula,
587 2491 623 2536 ut
643 2477 737 2539 cuivis
759 2477 837 2538 banc
856 2477 1105 2540 membranarum
1125 2473 1273 2554 σνλλὸγην
1289 2475 1440 2538 lectitanti
1454 2494 1587 2558 pronum
1604 2488 1649 2536 est

214 2579 477 2661 animadvertere,
491 2586 699 2647 testimonium
711 2587 785 2647 binc
799 2585 1081 2667 locupletissimum
1095 2600 1305 2668 comparatur,
1320 2605 1384 2667 quo
1397 2605 1456 2644 non
1470 2603 1577 2667 parum
1591 2585 1648 2644 ita-

214 2691 267 2752 lici
290 2689 406 2775 eloquii
421 2691 528 2754 eodem
543 2694 606 2754 iant
620 2696 742 2756 saeculo
757 2695 840 2778 apud
853 2716 905 2755 nos
917 2695 1087 2756 conflatum
1101 2696 1190 2755 fuisse
1205 2695 1313 2776 palam
1329 2695 1394 2754 fiat.
1408 2695 1500 2754 Hanc
1514 2713 1588 2754 vero
1602 2692 1648 2753 la-

213 2807 271 2864 tini
287 2805 435 2866 sermonis
446 2809 711 2868 commutationem
724 2828 784 2867 non
797 2807 889 2870 unius
908 2808 1051 2890 quidem,
1067 2807 1118 2870 sed
1132 2807 1337 2891 complurium
1351 2806 1541 2869 saeculorum
1552 2808 1647 2889 spatio

213 2916 385 2976 absolutam
400 2915 511 2994 fuisse,
524 2937 614 2982 nemo
629 2938 718 2980 sanus
736 2917 932 2980 inficiabitur.
945 2921 1063 2980 Mirum
1082 2919 1156 2980 bino
1175 2939 1370 3002 nequaqnam
1391 2919 1490 2980 videti
1510 2932 1644 3002 oportet,

211 3029 236 3089 si
256 3030 309 3088 vel
330 3031 365 3090 in
385 3032 608 3111 antiquioribus
628 3031 751 3094 saeculo
772 3033 813 3092 X.
833 3035 1037 3094 monumentis
1058 3033 1216 3095 vocabula
1240 3033 1536 3117 deprehendantur,
1567 3052 1645 3113 quae

211 3142 253 3203 ad
273 3142 413 3206 italicum
433 3143 582 3227 loquendi
605 3165 703 3226 genus
723 3144 886 3221 accedant,
910 3167 980 3207 cum
1002 3167 1124 3208 necesse
1144 3146 1267 3207 omniuo
1287 3146 1324 3206 sit
1342 3147 1433 3208 huius
1454 3143 1644 3206 incunabula

211 3274 274 3313 non
295 3251 334 3315 ad
354 3257 407 3332 X,
428 3275 537 3316 verum
556 3254 596 3314 ad
617 3253 772 3336 superiora
792 3255 913 3317 saecula
928 3253 1046 3316 referre.
1062 3253 1104 3313 Et
1117 3275 1188 3315 sane
1206 3257 1269 3316 iam
1284 3255 1403 3315 saeculo
1418 3255 1476 3315 Vl.
1490 3252 1643 3336 quasdam

209 3380 366 3448 usurpatas
379 3366 470 3429 fuisse
482 3367 660 3448 locutiones,
683 3389 762 3450 quae
776 3369 919 3431 sermonis
933 3367 1030 3430 italici
1043 3368 1191 3430 rationem
1204 3367 1461 3450 praeseferebat,
1477 3366 1643 3430 ostendunt

208 3493 275 3538 tum
296 3477 442 3539 Historia
457 3479 605 3541 Misoella
625 3478 709 3562 apud
729 3480 930 3542 bloratorimn
953 3479 1017 3561 (A.
1033 3481 1081 3540 M.
1097 3483 1173 3540 AE.
1189 3489 1209 3540 t
1225 3483 1276 3539 II.
1291 3499 1324 3559 p.
1341 3477 1464 3561 1022),
1485 3493 1552 3540 tum
1569 3480 1642 3559 ple-

207 3593 320 3652 nariae
339 3591 515 3652 securitatis
535 3595 775 3654 instrumentum
794 3615 874 3654 anno
887 3593 1072 3655 xxxvtrl.
1087 3593 1244 3654 Iustiniani
1265 3591 1439 3661 conditum,
1452 3591 1539 3673 quod
1556 3593 1641 3653 Bris-

206 3709 306 3767 sonius
326 3707 405 3790 (De
419 3707 651 3786 Formulislib.
670 3709 841 3786 VILcop.
857 3705 947 3788 ¹95)
973 3707 1090 3790 primus
1120 3707 1255 3768 omniurn
1282 3703 1389 3766 edidit
1409 3705 1639 3784 Insequentibus

207 3841 297 3904 porro
319 3822 444 3884 saeculis
462 3823 599 3884 italicam
618 3821 748 3884 subinde
768 3822 949 3885 increbuisse
968 3821 1109 3903 linguam
1128 3833 1279 3882 testantur
1299 3839 1359 3879 non
1375 3817 1466 3880 modo
1480 3816 1638 3879 libellusa

206 3932 371 3996 benedicto
391 3931 528 3994 Diacono
553 3953 637 3994 anno
659 3937 717 4014 788
748 3933 967 4008 elucubratus,
991 3951 1083 4013 quem
1101 3932 1278 3994 Flausiniue
1299 3931 1311 4012 (
1336 3930 1515 3993 Germania
1544 3949 1638 3991 sacro

206 4047 547 4126 t.II.pug.13)non
577 4045 683 4128 paucis
703 4043 812 4106 italicis
831 4059 944 4107 scatere
963 4045 1089 4108 vocibus
1108 4044 1304 4114 observavit,
1335 4057 1402 4102 tum
1423 4041 1506 4104 illud
1526 4042 1637 4104 barba-

203 4162 279 4221 ricae
295 4159 485 4242 antiquitatis
500 4173 731 4220 monumentum
747 4159 895 4220 Hadriani
910 4157 1067 4220 Pontificis
1083 4171 1114 4220 et
1127 4157 1228 4219 Caroli
1240 4157 1343 4238 Magni
1357 4157 1545 4240 temporibus
1559 4175 1636 4218 exa·

203 4284 322 4346 ratum,
344 4269 429 4351 quod
449 4267 553 4332 attulit
574 4270 753 4331 Muratorius
775 4268 885 4353 (oper.
910 4269 965 4329 cit.
988 4270 1144 4348 pnigeos
1156 4267 1178 4351 ).
1191 4267 1285 4330 Extat
1306 4287 1398 4352 porro
1418 4280 1450 4327 et
1469 4265 1543 4328 anui
1573 4270 1633 4341 842

203 4381 419 4441 documentum
452 4379 531 4440 inter
560 4379 676 4462 Regum
701 4381 891 4441 Francorum
916 4377 1107 4462 capitularia
1133 4401 1150 4440 a
1174 4377 1296 4442 Relatio
1325 4375 1454 4438 allatum
1481 4376 1551 4458 (T.
1577 4381 1631 4438 11.

197 4514 234 4571 p.
260 4491 337 4575 27),
360 4512 470 4576 nempe
491 4489 701 4554 iusiurandum
723 4511 741 4552 a
760 4489 919 4552 Ludovico
943 4491 1125 4552 Germaniae
1149 4491 1230 4573 Rege
1249 4489 1335 4552 sratri
1357 4507 1498 4571 germano
1521 4487 1632 4552 Carolo

202 4603 390 4664 Francorum
408 4602 484 4684 Regi
512 4603 703 4686 praestitum,
726 4599 812 4683 quod
841 4615 907 4661 tum
932 4600 1071 4678 italicae,
1096 4615 1163 4662 tum
1184 4599 1376 4682 provincialis
1401 4601 1523 4681 linguae
1544 4599 1632 4662 voci-

201 4715 259 4774 bus
280 4726 406 4775 constat.

282 4825 417 4886 Plurima
437 4839 537 4888 autem
558 4849 574 4888 e
594 4824 775 4903 vocabulis,
797 4845 876 4908 quae
895 4827 1107 4889 vetustioribus
1122 4827 1202 4890 bisce
1217 4825 1401 4910 temporibus
1424 4823 1531 4886 senum
1555 4845 1629 4908 pro-

201 4937 347 5014 dierunt,
380 4959 416 4998 ac
451 4937 596 5000 Italorum
628 4935 761 5017 linguam
792 4934 921 4998 conflare
957 4952 1177 5022 occoeperunt,
1209 4935 1368 5022 repetenda
1400 4935 1539 5001 ridentur
1550 4981 1560 5016 ,
1592 4951 1628 4999 ut
