4616 6532
1560 699 1652 756 XXV

223 833 279 918 lio
308 861 490 938 eorum,
521 832 597 944 qui
626 849 767 915 vetera
796 832 1070 918 instrumenta
1097 839 1343 923 summatim
1361 840 1647 952 perstringere,

224 997 297 1062 aut
324 978 488 1062 nonnisi
517 977 702 1087 ipsorum
743 974 873 1061 frusta
911 977 1032 1062 edere
1060 1000 1377 1066 consueverunt.
1419 983 1531 1068 Nam
1570 984 1649 1068 nisi

220 1123 334 1232 prior
362 1121 728 1235 diplomaticarum
756 1121 1045 1206 collectionum
1086 1124 1192 1206 ratio
1235 1125 1432 1229 ineatur,
1477 1129 1643 1210 tametsi

193 1291 301 1368 ea,
333 1293 442 1377 quae
470 1265 514 1346 in
542 1262 695 1348 chartis
724 1266 917 1349 omnibus
946 1266 1242 1372 continentur,
1274 1269 1446 1352 strictim
1469 1269 1639 1355 collecta

217 1405 551 1519 depromantur,
584 1427 725 1492 tamen
754 1409 921 1494 chartae
950 1411 1060 1522 ipsae
1089 1412 1323 1506 etiamdum
1366 1417 1410 1498 iu
1439 1416 1643 1502 Archino«

218 1577 315 1635 rum
335 1549 503 1632 latebris
531 1548 783 1654 delitescere,
815 1571 855 1634 et
884 1552 1002 1636 avari
1021 1551 1334 1666 quodammodo
1363 1557 1511 1668 opibus
1530 1587 1644 1644 corn·

217 1691 427 1803 parandae
456 1723 541 1778 esse
570 1692 777 1782 dicentur.
802 1697 956 1782 Contra
977 1728 1076 1782 vero
1096 1729 1195 1782 cum
1213 1717 1350 1783 totum
1374 1701 1646 1814 unumquod-

217 1867 300 1953 que
329 1837 635 1950 autcgraphum
663 1857 737 1922 aut
765 1839 1008 1952 exemplum
1036 1841 1150 1951 typis
1177 1839 1417 1954 mandetur,
1446 1861 1495 1924 ut
1514 1843 1645 1926 cuivis

219 1981 376 2089 singula
407 2011 554 2066 eorum
582 1982 712 2066 verba
739 1982 947 2092 perlegere
974 2012 1024 2080 ac
1052 1979 1247 2066 meditari
1276 1982 1429 2086 liceat,
1465 1980 1644 2066 incredi-

218 2124 302 2208 bile
331 2123 443 2209 dictu
473 2144 545 2229 est,
567 2143 725 2240 quanto
745 2126 938 2212 uberiora
965 2125 1063 2212 hinc
1091 2126 1375 2210 emolumenta
1403 2127 1464 2210 rei
1488 2127 1644 2214 littera·

218 2299 315 2352 rum
343 2269 532 2382 publicae
562 2269 703 2354 afferri
731 2273 922 2383 possint,
967 2291 1008 2354 et
1036 2292 1195 2387 quanto
1224 2271 1351 2354 satius
1380 2269 1453 2353 fiat
1494 2301 1642 2358 eorum

216 2413 356 2516 votis,
388 2413 461 2524 qui
490 2410 732 2499 huiusmodi
759 2411 905 2497 studiis
932 2411 1205 2496 oblectantur.
1238 2411 1330 2499 Hac
1358 2409 1532 2524 quidem
1576 2441 1643 2496 ra·

215 2555 325 2638 tione
353 2553 600 2664 vestigandis
629 2553 769 2642 adhuc
797 2552 970 2642 rudium
997 2553 1258 2636 saeculorum
1286 2553 1473 2637 moribus
1500 2579 1549 2636 ao
1577 2553 1645 2636 in-

215 2693 365 2780 stitutis
393 2697 564 2806 pronius
592 2696 671 2779 iter
700 2695 927 2808 unicuique
956 2695 1186 2798 sternitur,
1217 2723 1295 2776 neo
1323 2695 1472 2803 exigua
1500 2691 1642 2778 erudi-

213 2838 335 2920 tionis
362 2865 471 2946 seges
499 2854 779 2950 comparatur.
812 2837 950 2924 Nemo
978 2865 1078 2923 vero
1095 2835 1172 2921 sibi
1192 2835 1440 2949 persuadeat
1457 2863 1531 2919 nos
1550 2835 1641 2946 opi-

213 2982 305 3065 nari
323 2979 564 3066 huiusmodi
583 2981 889 3066 collectionibus
908 2981 998 3066 fieri
1015 3008 1157 3092 posse,
1179 2998 1227 3064 ut
1247 2980 1419 3091 antiqua
1451 2979 1523 3062 illa
1554 3005 1641 3062 sae-

212 3123 307 3206 cula
335 3122 586 3208 definiantur
613 3155 728 3209 secus
756 3154 804 3208 ae
846 3124 1034 3210 homines
1068 3122 1354 3235 sapientissimi
1392 3139 1640 3204 statuerunt.

212 3267 357 3370 Quam
395 3267 640 3352 sententiam
683 3294 952 3379 nequaquam
997 3266 1144 3350 nostris
1182 3264 1332 3349 animis
1374 3259 1566 3348 insedisse
1593 3292 1642 3346 eo

212 3405 341 3514 magis
361 3406 453 3490 heic
470 3406 803 3520 patefaciendum
834 3408 915 3490 rati
943 3435 1087 3490 sumus
1099 3471 1111 3511 ,
1143 3403 1258 3520 quod
1285 3405 1351 3490 vir
1378 3405 1642 3518 caeteroquin

212 3545 469 3634 doctissimus
497 3547 671 3636 Carolus
700 3551 824 3634 Botta
852 3547 1138 3660 diplomaticas
1165 3545 1450 3653 collectiones,
1486 3547 1641 3661 quibus

211 3692 419 3800 Augustae
448 3693 736 3780 Taurinorum
765 3693 987 3784 hominum
1015 3693 1376 3776 selectissimorum
1403 3691 1550 3777 cohors
1579 3692 1641 3774 in-

211 3833 405 3939 sudabat,
437 3838 560 3922 nauci
589 3865 636 3920 ac
665 3835 781 3922 flocci
810 3835 1070 3936 aestimavit,
1101 3862 1151 3915 eo
1179 3830 1294 3946 quod
1321 3860 1397 3942 per
1426 3861 1495 3916 eas
1533 3831 1639 3916 nihil

211 3977 264 4059 dc
285 3975 530 4060 inferiorum
550 3994 792 4089 temporum
812 3971 1048 4057 delinitione
1068 3971 1288 4058 immutari
1307 3987 1467 4086 posset:
1500 3970 1639 4082 ipsum

210 4145 312 4202 vero
341 4113 444 4224 sugit
458 4179 480 4220 ,Ι
502 4117 617 4228 quod
645 4114 805 4200 tametsi
833 4109 1056 4202 eruditioni
1087 4109 1381 4196 tantummodo
1420 4111 1640 4197 inserviret

211 4257 290 4342 hoc
304 4257 498 4345 laborum
525 4288 666 4368 genus,
697 4287 823 4342 nemo
841 4275 983 4341 tamen
1002 4252 1157 4346 inficias
1177 4255 1236 4342 ire
1265 4272 1414 4368 posset,
1435 4253 1640 4369 quemad-

211 4398 388 4486 modum
416 4428 541 4512 supra
571 4399 714 4512 palam
734 4397 950 4502 sesima,
981 4397 1261 4484 recentiorum
1288 4416 1558 4510 temporum,
1590 4427 1639 4482 ac

209 4547 339 4628 nostri
369 4543 496 4656 ipsius
525 4546 618 4632 aevi
646 4544 867 4650 instituta,
911 4571 1096 4658 quorum
1137 4539 1370 4654 primordia
1412 4542 1636 4627 asaeculis

209 4707 301 4797 post
319 4687 604 4775 Barbarorum
623 4688 855 4788 adventum
875 4687 1066 4794 insecutis
1086 4685 1311 4802 repetenda
1331 4687 1502 4771 omnino
1521 4706 1632 4790 sunt,

209 4862 258 4915 eo
286 4834 374 4944 ipso
403 4833 643 4936 eruditionis
670 4863 817 4945 genere
859 4860 944 4916 non
985 4832 1072 4922 sine
1114 4831 1354 4920 animorum
1396 4850 1633 4920 nostrorum

211 4970 478 5058 delectatione
506 5003 637 5092 quarn
665 4972 988 5062 luculentissime
1017 4969 1241 5074 illustrari,

1216 5130 1244 5218 4
1373 5069 1379 5078 .
