4616 6532
1539 681 1647 736 xxxt

224 845 277 898 cx
308 815 463 902 horum
482 814 706 903 heredibus
735 838 948 934 coemptae
968 819 1150 906 fuerunt.
1174 820 1269 906 Huc
1289 843 1502 938 praeterea
1532 822 1648 910 dela-

224 979 290 1044 tae
319 981 414 1046 sunt
441 966 714 1049 membranae
742 996 765 1049 e
791 967 1045 1052 borbonioae
1074 967 1353 1052 Bibliothecae
1372 969 1539 1082 pluteis,
1561 1001 1646 1086 qua

223 1103 397 1218 quidem
443 1109 487 1190 in
534 1137 579 1190 re
606 1135 771 1190 summa
811 1109 902 1192 laus
938 1109 1162 1193 tribuenda
1200 1129 1259 1194 est
1297 1116 1646 1224 praestantissimo

223 1244 370 1356 Equiti
398 1245 571 1330 Nicolao
611 1247 855 1356 Santangelo
885 1251 940 1334 ab
967 1249 1231 1335 interioribus
1274 1253 1405 1361 Regni
1434 1257 1639 1363 negotiis,

222 1392 296 1498 qui
316 1388 492 1473 mirifica
513 1391 801 1475 benevolentia
820 1411 861 1475 et
882 1393 1091 1476 alacritate
1106 1423 1204 1476 cum
1219 1393 1456 1506 disciplinas
1476 1415 1517 1479 et
1536 1418 1646 1482 artes

223 1532 452 1636 universas,
472 1555 563 1618 tum
584 1535 853 1648 diplomatica
873 1535 1010 1620 studia
1028 1535 1141 1625 fovet
1163 1567 1211 1622 ac
1224 1556 1400 1643 tutatur,
1424 1559 1646 1652 nostraque

219 1676 404 1762 Archiva
433 1678 476 1762 in
506 1679 799 1786 elegantiorem
828 1678 1235 1791 splendidioremque
1260 1677 1439 1766 formam
1459 1682 1643 1764 restituit.

218 1823 340 1906 Hisce
359 1850 485 1932 porro
514 1821 708 1904 omnibus
737 1840 992 1906 accesserunt
1021 1822 1321 1924 membranae,
1352 1851 1462 1935 quae
1491 1853 1545 1905 ex
1576 1854 1647 1907 ur-

218 1966 337 2048 bium
367 1965 553 2066 Catacii,
586 1982 626 2046 ot
655 1965 765 2048 Barii
795 1963 1009 2048 tabulariis
1038 1983 1305 2048 contrectatae
1334 1963 1417 2047 huc
1445 1964 1641 2076 fuerunt3

219 2139 266 2191 ae
286 2139 337 2192 ne
359 2109 612 2193 mentionem
644 2136 815 2220 quoque
844 2106 937 2190 heic
957 2107 1190 2193 iniiciamus
1210 2107 1261 2192 dc
1282 2109 1356 2212 iis,
1380 2139 1485 2224 quas
1505 2140 1643 2195 corro-

217 2251 370 2362 gandas
399 2253 466 2336 vel
495 2279 570 2334 nos
598 2278 674 2363 pro
708 2251 819 2335 virili
846 2269 964 2362 parte
993 2253 1262 2358 curavimus,
1293 2272 1355 2336 sat
1374 2254 1452 2339 erit
1482 2253 1642 2339 edicere

217 2400 303 2480 iam
325 2413 515 2479 nostrum
534 2397 577 2477 in
597 2392 833 2480 Archivnm
861 2423 1016 2479 novem
1035 2423 1083 2478 ao
1113 2395 1279 2504 triginta
1296 2396 1641 2481 membranarum

215 2541 345 2624 millia
365 2540 516 2624 collata
535 2539 673 2623 luisse.
694 2539 843 2649 Ingens
863 2539 965 2623 haec
986 2539 1233 2622 eartnndem
1251 2542 1526 2625 exuberantia
1545 2543 1641 2654 plu-

213 2687 368 2770 rimam
410 2700 507 2772 sane
551 2685 872 2769 admirationem
913 2686 1165 2768 intuentium
1208 2687 1357 2769 animis
1398 2685 1638 2792 conflabat3

213 2855 364 2912 verum
383 2823 427 2910 id
447 2825 571 2909 fiebat
599 2851 683 2906 non
706 2824 849 2932 magis,
871 2824 971 2936 quia
991 2825 1307 2935 praetoritorum
1331 2845 1570 2938 temporum
1591 2857 1639 2911 ae

212 2989 324 3054 retro
344 2970 584 3081 Principum
603 2968 795 3051 omnium
813 2987 1085 3051 monumenta
1104 2969 1480 3082 complectebatur,
1502 3001 1639 3056 suam·

211 3143 295 3227 que
323 3115 377 3198 ob
394 3114 641 3200 varietatem
662 3137 807 3192 omnes
827 3109 913 3193 fere
932 3107 1176 3195 chartarum
1196 3109 1501 3216 distinctiones,
1530 3141 1639 3224 quae

211 3285 237 3339 a
265 3255 553 3368 Diplomaticis
579 3251 830 3357 traduntur,
862 3251 1117 3357 exhibebat,
1139 3283 1271 3365 quam
1290 3257 1392 3366 quia
1411 3281 1486 3339 nec
1506 3275 1637 3340 mate-

209 3399 295 3481 riae
323 3423 399 3479 nec
427 3394 623 3505 temporis
650 3409 812 3476 servato
840 3390 987 3475 ordine
1017 3412 1287 3476 monumenta
1332 3393 1482 3481 eadem
1509 3394 1636 3481 collo·

206 3561 296 3626 cata
324 3543 539 3626 extabant.

319 3689 594 3797 Quapropter
613 3711 714 3766 eum
732 3711 899 3767 necesse
920 3679 1109 3793 primum
1123 3683 1315 3766 omnium
1335 3699 1458 3784 esset,
1482 3700 1528 3764 ut
1549 3712 1631 3766 nou

208 3832 293 3914 levi
322 3828 422 3910 huic
451 3821 719 3908 incommodo
748 3823 923 3905 obviam
953 3821 1118 3924 iretur,
1142 3818 1421 3902 strenuissimi
1442 3819 1632 3927 iuvenes,

209 3971 367 4091 quide
411 3967 599 4054 Archivo
634 3967 741 4050 bene
783 3981 1032 4068 merentur,
1079 3993 1125 4048 ac
1153 3964 1243 4048 fore
1273 3962 1550 4070 confidimus,
1584 3985 1632 4050 ut

208 4118 368 4229 optime
397 4115 438 4196 in
471 4130 689 4225 posterum
717 4130 993 4211 mereantur,
1025 4108 1067 4192 in
1098 4108 1368 4193 membranas
1400 4137 1476 4219 pro
1495 4109 1628 4214 annis,

206 4259 452 4362 mensibus,
495 4283 543 4339 ae
572 4255 719 4339 diebus
747 4251 1044 4356 collocandas,
1079 4253 1121 4334 in
1152 4251 1313 4336 chartas
1341 4253 1631 4338 ecclesiasticas

206 4399 504 4503 secernendae,
536 4416 583 4481 ut
612 4424 813 4508 magnum
841 4394 940 4480 hinc
959 4396 1090 4504 Regni
1109 4393 1347 4478 Bullarium
1366 4394 1627 4503 conflaretur,

207 4569 331 4662 atque
359 4547 400 4630 in
431 4542 674 4654 graecanica
703 4537 955 4623 documenta
976 4538 1158 4622 invicem
1187 4535 1512 4621 discriminanda
1543 4556 1631 4623 toto

205 4694 337 4779 animi
377 4689 572 4801 impetu,
618 4700 789 4794 totaque
831 4679 985 4764 mentis
1027 4681 1281 4787 cogitatione
1327 4679 1626 4764 incubuerunt.

205 4839 395 4922 Tantum
423 4831 586 4944 operis,
617 4827 776 4910 abiecta
805 4827 920 4909 omni
949 4825 1237 4928 cunctatione,
1259 4851 1390 4935 quam
1410 4823 1630 4906 accuratis-

204 4977 306 5060 sime
334 4971 507 5059 tandem
535 4969 773 5054 absolutum
801 4969 901 5073 luit,
934 4985 973 5052 et
1002 4969 1115 5080 quod
1145 4968 1334 5050 maxime
1362 4968 1555 5050 omnium
1585 4971 1630 5050 in
