<?xml version="1.0" encoding="UTF-8"?>
<!DOCTYPE html PUBLIC "-//W3C//DTD XHTML 1.0 Transitional//EN"
    "http://www.w3.org/TR/xhtml1/DTD/xhtml1-transitional.dtd">
<html xmlns="http://www.w3.org/1999/xhtml" xml:lang="en" lang="en">
 <head>
  <title>
</title>
<meta http-equiv="Content-Type" content="text/html;charset=utf-8" />
  <meta name='ocr-system' content='tesseract 3.04.00' />
  <meta name='ocr-capabilities' content='ocr_page ocr_carea ocr_par ocr_line ocrx_word'/>
</head>
<body>
  <div class='ocr_page' id='page_1' title='image "./monumentaeditaa01napogoog_0122.png"; bbox 0 0 4658 6508; ppageno 0'>
   <div class='ocr_carea' id='block_1_1' title="bbox 675 603 2110 4362">
    <p class='ocr_par' dir='ltr' id='par_1_1' title="bbox 1316 603 1440 696">
     <span class='ocr_line' id='line_1_1' title="bbox 1316 603 1440 696; baseline 0.016 -2"><span class='ocrx_word' id='word_1_1' title='bbox 1316 603 1326 694; x_wconf 87' lang='lat' dir='ltr'><strong>l</strong></span> <span class='ocrx_word' id='word_1_2' title='bbox 1354 607 1397 668; x_wconf 77' lang='lat'><strong>⁶⁶</strong></span> <span class='ocrx_word' id='word_1_3' title='bbox 1424 603 1440 696; x_wconf 94' lang='lat'>)</span> 
     </span>
    </p>

    <p class='ocr_par' dir='ltr' id='par_1_2' title="bbox 677 757 2110 2731">
     <span class='ocr_line' id='line_1_2' title="bbox 683 757 2109 854; baseline -0.006 -19"><span class='ocrx_word' id='word_1_4' title='bbox 683 789 775 836; x_wconf 89' lang='lat' dir='ltr'><strong>meus</strong></span> <span class='ocrx_word' id='word_1_5' title='bbox 792 767 831 838; x_wconf 89' lang='lat' dir='ltr'><strong>ad</strong></span> <span class='ocrx_word' id='word_1_6' title='bbox 847 789 956 837; x_wconf 90' lang='lat' dir='ltr'><strong>mcum</strong></span> <span class='ocrx_word' id='word_1_7' title='bbox 981 766 1106 837; x_wconf 83' lang='lat' dir='ltr'><strong>mitum</strong></span> <span class='ocrx_word' id='word_1_8' title='bbox 1131 763 1237 834; x_wconf 89' lang='lat' dir='ltr'><strong>statim</strong></span> <span class='ocrx_word' id='word_1_9' title='bbox 1261 772 1387 834; x_wconf 85' lang='lat' dir='ltr'><strong>maneat</strong></span> <span class='ocrx_word' id='word_1_10' title='bbox 1411 759 1531 832; x_wconf 90' lang='lat' dir='ltr'><strong>libcrus</strong></span> <span class='ocrx_word' id='word_1_11' title='bbox 1549 768 1580 830; x_wconf 89' lang='lat' dir='ltr'><strong>et</strong></span> <span class='ocrx_word' id='word_1_12' title='bbox 1596 757 1760 832; x_wconf 89' lang='lat' dir='ltr'><strong>absolutus</strong></span> <span class='ocrx_word' id='word_1_13' title='bbox 1780 761 1911 854; x_wconf 90' lang='lat' dir='ltr'><strong>insuper</strong></span> <span class='ocrx_word' id='word_1_14' title='bbox 1932 758 2065 852; x_wconf 85' lang='lat' dir='ltr'><strong>accipiat</strong></span> <span class='ocrx_word' id='word_1_15' title='bbox 2090 782 2109 826; x_wconf 89' lang='lat' dir='ltr'><strong>a</strong></span> 
     </span>
     <span class='ocr_line' id='line_1_3' title="bbox 683 885 2110 978; baseline -0.007 -16"><span class='ocrx_word' id='word_1_16' title='bbox 683 895 869 964; x_wconf 89' lang='lat' dir='ltr'><strong>memoratis</strong></span> <span class='ocrx_word' id='word_1_17' title='bbox 886 890 1147 962; x_wconf 86' lang='lat' dir='ltr'><strong>distributoribus</strong></span> <span class='ocrx_word' id='word_1_18' title='bbox 1163 891 1244 962; x_wconf 92' lang='lat' dir='ltr'><strong>meis</strong></span> <span class='ocrx_word' id='word_1_19' title='bbox 1261 889 1331 960; x_wconf 89' lang='lat' dir='ltr'><strong>auri</strong></span> <span class='ocrx_word' id='word_1_20' title='bbox 1351 887 1491 958; x_wconf 92' lang='lat' dir='ltr'><strong>solidum</strong></span> <span class='ocrx_word' id='word_1_21' title='bbox 1507 907 1610 960; x_wconf 91' lang='lat' dir='ltr'><strong>unum</strong></span> <span class='ocrx_word' id='word_1_22' title='bbox 1628 885 1847 978; x_wconf 83' lang='lat' dir='ltr'><strong>bytiantenm:</strong></span> <span class='ocrx_word' id='word_1_23' title='bbox 1864 885 2019 978; x_wconf 82' lang='lat' dir='ltr'><strong>lungendi</strong></span> <span class='ocrx_word' id='word_1_24' title='bbox 2040 885 2110 952; x_wconf 89' lang='lat' dir='ltr'><strong>mi-</strong></span> 
     </span>
     <span class='ocr_line' id='line_1_4' title="bbox 680 1011 2109 1104; baseline -0.003 -19"><span class='ocrx_word' id='word_1_25' title='bbox 680 1017 801 1087; x_wconf 81' lang='lat' dir='ltr'><strong>nuendi</strong></span> <span class='ocrx_word' id='word_1_26' title='bbox 826 1019 866 1086; x_wconf 89' lang='lat' dir='ltr'><strong>de</strong></span> <span class='ocrx_word' id='word_1_27' title='bbox 890 1016 1042 1087; x_wconf 87' lang='lat' dir='ltr'><strong>omnibus</strong></span> <span class='ocrx_word' id='word_1_28' title='bbox 1065 1015 1251 1087; x_wconf 88' lang='lat' dir='ltr'><strong>memoratis</strong></span> <span class='ocrx_word' id='word_1_29' title='bbox 1276 1014 1388 1086; x_wconf 93' lang='lat' dir='ltr'><strong>diebus</strong></span> <span class='ocrx_word' id='word_1_30' title='bbox 1412 1013 1478 1083; x_wconf 84' lang='lat' dir='ltr'><strong>rite</strong></span> <span class='ocrx_word' id='word_1_31' title='bbox 1502 1036 1573 1085; x_wconf 89' lang='lat' dir='ltr'><strong>mee</strong></span> <span class='ocrx_word' id='word_1_32' title='bbox 1597 1013 1633 1083; x_wconf 94' lang='lat' dir='ltr'><strong>in</strong></span> <span class='ocrx_word' id='word_1_33' title='bbox 1649 1035 1720 1084; x_wconf 92' lang='lat' dir='ltr'><strong>mea</strong></span> <span class='ocrx_word' id='word_1_34' title='bbox 1738 1012 1778 1082; x_wconf 89' lang='lat' dir='ltr'><strong>sit</strong></span> <span class='ocrx_word' id='word_1_35' title='bbox 1802 1021 1958 1104; x_wconf 81' lang='lat' dir='ltr'><strong>potestate</strong></span> <span class='ocrx_word' id='word_1_36' title='bbox 1983 1011 2109 1081; x_wconf 87' lang='lat' dir='ltr'><strong>etiamsi</strong></span> 
     </span>
     <span class='ocr_line' id='line_1_5' title="bbox 680 1141 2107 1239; baseline 0.001 -28"><span class='ocrx_word' id='word_1_37' title='bbox 680 1155 784 1213; x_wconf 89' lang='lat' dir='ltr'><strong>totum</strong></span> <span class='ocrx_word' id='word_1_38' title='bbox 808 1145 905 1215; x_wconf 92' lang='lat' dir='ltr'><strong>istum</strong></span> <span class='ocrx_word' id='word_1_39' title='bbox 930 1145 1120 1239; x_wconf 89' lang='lat' dir='ltr'><strong>dispositum</strong></span> <span class='ocrx_word' id='word_1_40' title='bbox 1145 1145 1301 1216; x_wconf 89' lang='lat' dir='ltr'><strong>ebacuare</strong></span> <span class='ocrx_word' id='word_1_41' title='bbox 1319 1145 1455 1214; x_wconf 81' lang='lat' dir='ltr'><strong>voluero</strong></span> <span class='ocrx_word' id='word_1_42' title='bbox 1472 1144 1635 1216; x_wconf 82' lang='lat' dir='ltr'><strong>licentiam</strong></span> <span class='ocrx_word' id='word_1_43' title='bbox 1659 1143 1818 1214; x_wconf 84' lang='lat' dir='ltr'><strong>habeam:</strong></span> <span class='ocrx_word' id='word_1_44' title='bbox 1854 1143 1932 1236; x_wconf 94' lang='lat' dir='ltr'><strong>quia</strong></span> <span class='ocrx_word' id='word_1_45' title='bbox 1956 1143 2000 1212; x_wconf 88' lang='lat' dir='ltr'><strong>ita</strong></span> <span class='ocrx_word' id='word_1_46' title='bbox 2025 1141 2107 1214; x_wconf 91' lang='lat' dir='ltr'><strong>mihi</strong></span> 
     </span>
     <span class='ocr_line' id='line_1_6' title="bbox 680 1265 2108 1366; baseline -0.001 -28"><span class='ocrx_word' id='word_1_47' title='bbox 680 1271 765 1340; x_wconf 89' lang='lat' dir='ltr'><strong>bone</strong></span> <span class='ocrx_word' id='word_1_48' title='bbox 789 1272 964 1342; x_wconf 74' lang='lat' dir='ltr'><strong>uoluntatis</strong></span> <span class='ocrx_word' id='word_1_49' title='bbox 988 1272 1109 1366; x_wconf 90' lang='lat' dir='ltr'><strong>placui.</strong></span> <span class='ocrx_word' id='word_1_50' title='bbox 1137 1271 1171 1341; x_wconf 90' lang='lat' dir='ltr'><strong>si</strong></span> <span class='ocrx_word' id='word_1_51' title='bbox 1205 1272 1278 1364; x_wconf 94' lang='lat' dir='ltr'><strong>quis</strong></span> <span class='ocrx_word' id='word_1_52' title='bbox 1303 1279 1411 1340; x_wconf 90' lang='lat' dir='ltr'><strong>autem</strong></span> <span class='ocrx_word' id='word_1_53' title='bbox 1435 1270 1475 1339; x_wconf 89' lang='lat' dir='ltr'><strong>de</strong></span> <span class='ocrx_word' id='word_1_54' title='bbox 1503 1269 1676 1339; x_wconf 86' lang='lat' dir='ltr'><strong>heredibus</strong></span> <span class='ocrx_word' id='word_1_55' title='bbox 1705 1268 1785 1338; x_wconf 90' lang='lat' dir='ltr'><strong>meis</strong></span> <span class='ocrx_word' id='word_1_56' title='bbox 1817 1277 1874 1337; x_wconf 93' lang='lat' dir='ltr'><strong>aut</strong></span> <span class='ocrx_word' id='word_1_57' title='bbox 1905 1265 2020 1359; x_wconf 75' lang='lat' dir='ltr'><strong>quavis</strong></span> <span class='ocrx_word' id='word_1_58' title='bbox 2046 1267 2108 1336; x_wconf 81' lang='lat' dir='ltr'><strong>alia</strong></span> 
     </span>
     <span class='ocr_line' id='line_1_7' title="bbox 680 1390 2106 1487; baseline -0.004 -24"><span class='ocrx_word' id='word_1_59' title='bbox 680 1415 816 1484; x_wconf 88' lang='lat' dir='ltr'><strong>persona</strong></span> <span class='ocrx_word' id='word_1_60' title='bbox 841 1417 940 1486; x_wconf 90' lang='lat' dir='ltr'><strong>parva</strong></span> <span class='ocrx_word' id='word_1_61' title='bbox 958 1395 1009 1464; x_wconf 90' lang='lat' dir='ltr'><strong>vel</strong></span> <span class='ocrx_word' id='word_1_62' title='bbox 1027 1419 1143 1487; x_wconf 82' lang='lat' dir='ltr'><strong>magna</strong></span> <span class='ocrx_word' id='word_1_63' title='bbox 1167 1407 1320 1464; x_wconf 85' lang='lat' dir='ltr'><strong>extranea</strong></span> <span class='ocrx_word' id='word_1_64' title='bbox 1345 1394 1396 1462; x_wconf 82' lang='lat' dir='ltr'><strong>rel</strong></span> <span class='ocrx_word' id='word_1_65' title='bbox 1421 1395 1460 1464; x_wconf 89' lang='lat' dir='ltr'><strong>de</strong></span> <span class='ocrx_word' id='word_1_66' title='bbox 1475 1415 1549 1462; x_wconf 90' lang='lat' dir='ltr'><strong>meo</strong></span> <span class='ocrx_word' id='word_1_67' title='bbox 1565 1414 1682 1484; x_wconf 82' lang='lat' dir='ltr'><strong>genere</strong></span> <span class='ocrx_word' id='word_1_68' title='bbox 1699 1390 1816 1484; x_wconf 79' lang='lat' dir='ltr'><strong>quouis</strong></span> <span class='ocrx_word' id='word_1_69' title='bbox 1831 1399 1975 1482; x_wconf 89' lang='lat' dir='ltr'><strong>tempore</strong></span> <span class='ocrx_word' id='word_1_70' title='bbox 1991 1401 2106 1460; x_wconf 90' lang='lat' dir='ltr'><strong>contra</strong></span> 
     </span>
     <span class='ocr_line' id='line_1_8' title="bbox 682 1514 2107 1610; baseline 0 -26"><span class='ocrx_word' id='word_1_71' title='bbox 682 1516 769 1585; x_wconf 91' lang='lat' dir='ltr'><strong>hunc</strong></span> <span class='ocrx_word' id='word_1_72' title='bbox 785 1540 876 1586; x_wconf 91' lang='lat' dir='ltr'><strong>meus</strong></span> <span class='ocrx_word' id='word_1_73' title='bbox 893 1517 1064 1609; x_wconf 91' lang='lat' dir='ltr'><strong>dispositus</strong></span> <span class='ocrx_word' id='word_1_74' title='bbox 1080 1519 1217 1610; x_wconf 86' lang='lat' dir='ltr'><strong>qualiter</strong></span> <span class='ocrx_word' id='word_1_75' title='bbox 1233 1519 1374 1588; x_wconf 88' lang='lat' dir='ltr'><strong>continet</strong></span> <span class='ocrx_word' id='word_1_76' title='bbox 1390 1516 1501 1586; x_wconf 80' lang='lat' dir='ltr'><strong>venire</strong></span> <span class='ocrx_word' id='word_1_77' title='bbox 1517 1516 1745 1609; x_wconf 80' lang='lat' dir='ltr'><strong>presumpserit</strong></span> <span class='ocrx_word' id='word_1_78' title='bbox 1761 1525 1816 1585; x_wconf 90' lang='lat' dir='ltr'><strong>aut</strong></span> <span class='ocrx_word' id='word_1_79' title='bbox 1832 1516 1866 1586; x_wconf 95' lang='lat' dir='ltr'><strong>in</strong></span> <span class='ocrx_word' id='word_1_80' title='bbox 1882 1514 1999 1608; x_wconf 91' lang='lat' dir='ltr'><strong>quobis</strong></span> <span class='ocrx_word' id='word_1_81' title='bbox 2015 1517 2107 1608; x_wconf 88' lang='lat' dir='ltr'><strong>capi-</strong></span> 
     </span>
     <span class='ocr_line' id='line_1_9' title="bbox 683 1641 2108 1735; baseline 0.001 -27"><span class='ocrx_word' id='word_1_82' title='bbox 683 1641 788 1711; x_wconf 91' lang='lat' dir='ltr'><strong>tulum</strong></span> <span class='ocrx_word' id='word_1_83' title='bbox 808 1665 883 1714; x_wconf 91' lang='lat' dir='ltr'><strong>eum</strong></span> <span class='ocrx_word' id='word_1_84' title='bbox 899 1643 1028 1712; x_wconf 91' lang='lat' dir='ltr'><strong>irritum</strong></span> <span class='ocrx_word' id='word_1_85' title='bbox 1042 1645 1146 1713; x_wconf 87' lang='lat' dir='ltr'><strong>facere</strong></span> <span class='ocrx_word' id='word_1_86' title='bbox 1171 1641 1326 1735; x_wconf 88' lang='lat' dir='ltr'><strong>quesierit</strong></span> <span class='ocrx_word' id='word_1_87' title='bbox 1340 1665 1398 1734; x_wconf 92' lang='lat' dir='ltr'><strong>per</strong></span> <span class='ocrx_word' id='word_1_88' title='bbox 1422 1665 1455 1712; x_wconf 92' lang='lat' dir='ltr'><strong>se</strong></span> <span class='ocrx_word' id='word_1_89' title='bbox 1481 1652 1536 1712; x_wconf 90' lang='lat' dir='ltr'><strong>aut</strong></span> <span class='ocrx_word' id='word_1_90' title='bbox 1552 1664 1610 1733; x_wconf 88' lang='lat' dir='ltr'><strong>per</strong></span> <span class='ocrx_word' id='word_1_91' title='bbox 1634 1641 1801 1712; x_wconf 91' lang='lat' dir='ltr'><strong>sumissam</strong></span> <span class='ocrx_word' id='word_1_92' title='bbox 1826 1663 2006 1732; x_wconf 88' lang='lat' dir='ltr'><strong>personam.</strong></span> <span class='ocrx_word' id='word_1_93' title='bbox 2031 1651 2108 1714; x_wconf 89' lang='lat' dir='ltr'><strong>tunc</strong></span> 
     </span>
     <span class='ocr_line' id='line_1_10' title="bbox 680 1765 2108 1859; baseline 0.001 -27"><span class='ocrx_word' id='word_1_94' title='bbox 680 1779 851 1858; x_wconf 86' lang='lat' dir='ltr'><strong>componat</strong></span> <span class='ocrx_word' id='word_1_95' title='bbox 874 1790 948 1859; x_wconf 91' lang='lat' dir='ltr'><strong>pars</strong></span> <span class='ocrx_word' id='word_1_96' title='bbox 972 1767 1106 1836; x_wconf 89' lang='lat' dir='ltr'><strong>infidelis</strong></span> <span class='ocrx_word' id='word_1_97' title='bbox 1135 1777 1167 1838; x_wconf 91' lang='lat' dir='ltr'><strong>et</strong></span> <span class='ocrx_word' id='word_1_98' title='bbox 1198 1765 1333 1835; x_wconf 90' lang='lat' dir='ltr'><strong>heredes</strong></span> <span class='ocrx_word' id='word_1_99' title='bbox 1366 1765 1435 1834; x_wconf 90' lang='lat' dir='ltr'><strong>eius</strong></span> <span class='ocrx_word' id='word_1_100' title='bbox 1470 1767 1510 1836; x_wconf 94' lang='lat' dir='ltr'><strong>ad</strong></span> <span class='ocrx_word' id='word_1_101' title='bbox 1534 1777 1659 1856; x_wconf 87' lang='lat' dir='ltr'><strong>partem</strong></span> <span class='ocrx_word' id='word_1_102' title='bbox 1691 1765 1748 1856; x_wconf 93' lang='lat' dir='ltr'><strong>qui</strong></span> <span class='ocrx_word' id='word_1_103' title='bbox 1778 1787 1854 1835; x_wconf 93' lang='lat' dir='ltr'><strong>eum</strong></span> <span class='ocrx_word' id='word_1_104' title='bbox 1878 1765 2108 1838; x_wconf 51' lang='lat' dir='ltr'><strong>¹observaverit</strong></span> 
     </span>
     <span class='ocr_line' id='line_1_11' title="bbox 678 1886 2106 1983; baseline 0.001 -27"><span class='ocrx_word' id='word_1_105' title='bbox 678 1889 811 1982; x_wconf 89' lang='lat' dir='ltr'><strong>eiusque</strong></span> <span class='ocrx_word' id='word_1_106' title='bbox 835 1889 1007 1960; x_wconf 86' lang='lat' dir='ltr'><strong>heredibus</strong></span> <span class='ocrx_word' id='word_1_107' title='bbox 1032 1889 1102 1960; x_wconf 89' lang='lat' dir='ltr'><strong>auri</strong></span> <span class='ocrx_word' id='word_1_108' title='bbox 1119 1889 1201 1960; x_wconf 85' lang='lat' dir='ltr'><strong>libra</strong></span> <span class='ocrx_word' id='word_1_109' title='bbox 1217 1913 1282 1962; x_wconf 91' lang='lat' dir='ltr'><strong>una</strong></span> <span class='ocrx_word' id='word_1_110' title='bbox 1305 1888 1480 1983; x_wconf 81' lang='lat' dir='ltr'><strong>bytianten.</strong></span> <span class='ocrx_word' id='word_1_111' title='bbox 1507 1899 1540 1959; x_wconf 90' lang='lat' dir='ltr'><strong>et</strong></span> <span class='ocrx_word' id='word_1_112' title='bbox 1563 1887 1651 1957; x_wconf 91' lang='lat' dir='ltr'><strong>hunc</strong></span> <span class='ocrx_word' id='word_1_113' title='bbox 1669 1909 1760 1958; x_wconf 87' lang='lat' dir='ltr'><strong>meus</strong></span> <span class='ocrx_word' id='word_1_114' title='bbox 1776 1887 1947 1978; x_wconf 90' lang='lat' dir='ltr'><strong>dispositus</strong></span> <span class='ocrx_word' id='word_1_115' title='bbox 1967 1886 2106 1980; x_wconf 82' lang='lat' dir='ltr'><strong>qualiter</strong></span> 
     </span>
     <span class='ocr_line' id='line_1_12' title="bbox 679 2011 2107 2105; baseline -0.001 -25"><span class='ocrx_word' id='word_1_116' title='bbox 679 2013 821 2082; x_wconf 89' lang='lat' dir='ltr'><strong>continet</strong></span> <span class='ocrx_word' id='word_1_117' title='bbox 844 2014 885 2084; x_wconf 90' lang='lat' dir='ltr'><strong>sit</strong></span> <span class='ocrx_word' id='word_1_118' title='bbox 909 2013 1021 2084; x_wconf 84' lang='lat' dir='ltr'><strong>firmus</strong></span> <span class='ocrx_word' id='word_1_119' title='bbox 1045 2024 1077 2084; x_wconf 89' lang='lat' dir='ltr'><strong>et</strong></span> <span class='ocrx_word' id='word_1_120' title='bbox 1101 2013 1221 2083; x_wconf 86' lang='lat' dir='ltr'><strong>stabilis</strong></span> <span class='ocrx_word' id='word_1_121' title='bbox 1245 2013 1280 2082; x_wconf 94' lang='lat' dir='ltr'><strong>in</strong></span> <span class='ocrx_word' id='word_1_122' title='bbox 1302 2022 1507 2105; x_wconf 89' lang='lat' dir='ltr'><strong>perpetuum.</strong></span> <span class='ocrx_word' id='word_1_123' title='bbox 1535 2013 1624 2104; x_wconf 87' lang='lat' dir='ltr'><strong>quod</strong></span> <span class='ocrx_word' id='word_1_124' title='bbox 1648 2034 1727 2080; x_wconf 87' lang='lat' dir='ltr'><strong>vero</strong></span> <span class='ocrx_word' id='word_1_125' title='bbox 1756 2011 1915 2102; x_wconf 90' lang='lat' dir='ltr'><strong>dispositu</strong></span> <span class='ocrx_word' id='word_1_126' title='bbox 1939 2011 2021 2080; x_wconf 89' lang='lat' dir='ltr'><strong>sieut</strong></span> <span class='ocrx_word' id='word_1_127' title='bbox 2046 2033 2107 2078; x_wconf 91' lang='lat' dir='ltr'><strong>su·</strong></span> 
     </span>
     <span class='ocr_line' id='line_1_13' title="bbox 677 2131 2106 2229; baseline -0.003 -24"><span class='ocrx_word' id='word_1_128' title='bbox 677 2135 785 2226; x_wconf 91' lang='lat' dir='ltr'><strong>perius</strong></span> <span class='ocrx_word' id='word_1_129' title='bbox 810 2136 928 2228; x_wconf 79' lang='lat' dir='ltr'><strong>legitur</strong></span> <span class='ocrx_word' id='word_1_130' title='bbox 952 2137 1063 2229; x_wconf 85' lang='lat' dir='ltr'><strong>scripsi</strong></span> <span class='ocrx_word' id='word_1_131' title='bbox 1088 2160 1150 2228; x_wconf 86' lang='lat' dir='ltr'><strong>ego</strong></span> <span class='ocrx_word' id='word_1_132' title='bbox 1175 2131 1294 2207; x_wconf 76' lang='lat' dir='ltr'><strong>endrea</strong></span> <span class='ocrx_word' id='word_1_133' title='bbox 1319 2135 1447 2208; x_wconf 89' lang='lat' dir='ltr'><strong>curialis</strong></span> <span class='ocrx_word' id='word_1_134' title='bbox 1473 2135 1524 2206; x_wconf 95' lang='lat' dir='ltr'><strong>die</strong></span> <span class='ocrx_word' id='word_1_135' title='bbox 1550 2145 1583 2207; x_wconf 92' lang='lat' dir='ltr'><strong>et</strong></span> <span class='ocrx_word' id='word_1_136' title='bbox 1611 2135 1787 2204; x_wconf 82' lang='lat' dir='ltr'><strong>indictione</strong></span> <span class='ocrx_word' id='word_1_137' title='bbox 1812 2146 1989 2204; x_wconf 90' lang='lat' dir='ltr'><strong>memorata</strong></span> <span class='ocrx_word' id='word_1_138' title='bbox 2017 2147 2106 2203; x_wconf 83' lang='lat' dir='ltr'><strong>sexta</strong></span> 
     </span>
     <span class='ocr_line' id='line_1_14' title="bbox 678 2257 2106 2353; baseline -0.001 -26"><span class='ocrx_word' id='word_1_139' title='bbox 678 2257 708 2350; x_wconf 88' lang='lat'><strong>†</strong></span> <span class='ocrx_word' id='word_1_140' title='bbox 733 2259 795 2327; x_wconf 89' lang='lat' dir='ltr'><strong>hcc</strong></span> <span class='ocrx_word' id='word_1_141' title='bbox 819 2260 947 2352; x_wconf 85' lang='lat' dir='ltr'><strong>signum</strong></span> <span class='ocrx_word' id='word_1_142' title='bbox 972 2258 1002 2352; x_wconf 91' lang='lat'>†</span> <span class='ocrx_word' id='word_1_143' title='bbox 1026 2283 1141 2331; x_wconf 88' lang='lat' dir='ltr'><strong>manus</strong></span> <span class='ocrx_word' id='word_1_144' title='bbox 1165 2261 1334 2331; x_wconf 90' lang='lat' dir='ltr'><strong>memorati</strong></span> <span class='ocrx_word' id='word_1_145' title='bbox 1358 2261 1455 2353; x_wconf 81' lang='lat' dir='ltr'><strong>sergii</strong></span> <span class='ocrx_word' id='word_1_146' title='bbox 1479 2261 1537 2353; x_wconf 95' lang='lat' dir='ltr'><strong>qui</strong></span> <span class='ocrx_word' id='word_1_147' title='bbox 1561 2281 1621 2351; x_wconf 90' lang='lat' dir='ltr'><strong>pro</strong></span> <span class='ocrx_word' id='word_1_148' title='bbox 1645 2258 1888 2350; x_wconf 86' lang='lat' dir='ltr'><strong>occupationem</strong></span> <span class='ocrx_word' id='word_1_149' title='bbox 1914 2258 2027 2328; x_wconf 89' lang='lat' dir='ltr'><strong>mortis</strong></span> <span class='ocrx_word' id='word_1_150' title='bbox 2053 2259 2106 2328; x_wconf 89' lang='lat' dir='ltr'><strong>hic</strong></span> 
     </span>
     <span class='ocr_line' id='line_1_15' title="bbox 679 2387 2105 2480; baseline 0.004 -27"><span class='ocrx_word' id='word_1_151' title='bbox 679 2387 811 2456; x_wconf 83' lang='lat' dir='ltr'><strong>minime</strong></span> <span class='ocrx_word' id='word_1_152' title='bbox 847 2388 986 2458; x_wconf 88' lang='lat' dir='ltr'><strong>scribere</strong></span> <span class='ocrx_word' id='word_1_153' title='bbox 1022 2390 1184 2460; x_wconf 87' lang='lat' dir='ltr'><strong>concurrit</strong></span> <span class='ocrx_word' id='word_1_154' title='bbox 1220 2399 1267 2461; x_wconf 90' lang='lat' dir='ltr'><strong>set</strong></span> <span class='ocrx_word' id='word_1_155' title='bbox 1307 2389 1415 2461; x_wconf 91' lang='lat' dir='ltr'><strong>omnia</strong></span> <span class='ocrx_word' id='word_1_156' title='bbox 1447 2398 1624 2458; x_wconf 89' lang='lat' dir='ltr'><strong>memorata</strong></span> <span class='ocrx_word' id='word_1_157' title='bbox 1657 2388 1795 2459; x_wconf 89' lang='lat' dir='ltr'><strong>scribere</strong></span> <span class='ocrx_word' id='word_1_158' title='bbox 1827 2387 1950 2479; x_wconf 84' lang='lat' dir='ltr'><strong>rogavi.</strong></span> <span class='ocrx_word' id='word_1_159' title='bbox 1976 2388 2105 2480; x_wconf 82' lang='lat' dir='ltr'><strong>signum</strong></span> 
     </span>
     <span class='ocr_line' id='line_1_16' title="bbox 680 2506 2103 2604; baseline -0.001 -25"><span class='ocrx_word' id='word_1_160' title='bbox 680 2506 846 2599; x_wconf 89' lang='lat' dir='ltr'><strong>†manus</strong></span> <span class='ocrx_word' id='word_1_161' title='bbox 870 2525 1046 2583; x_wconf 91' lang='lat' dir='ltr'><strong>memorate</strong></span> <span class='ocrx_word' id='word_1_162' title='bbox 1070 2514 1178 2584; x_wconf 87' lang='lat' dir='ltr'><strong>blactu</strong></span> <span class='ocrx_word' id='word_1_163' title='bbox 1198 2513 1332 2583; x_wconf 91' lang='lat' dir='ltr'><strong>honesta</strong></span> <span class='ocrx_word' id='word_1_164' title='bbox 1357 2511 1475 2583; x_wconf 86' lang='lat' dir='ltr'><strong>semina</strong></span> <span class='ocrx_word' id='word_1_165' title='bbox 1500 2511 1563 2582; x_wconf 90' lang='lat' dir='ltr'><strong>hoc</strong></span> <span class='ocrx_word' id='word_1_166' title='bbox 1588 2521 1635 2581; x_wconf 89' lang='lat' dir='ltr'><strong>est</strong></span> <span class='ocrx_word' id='word_1_167' title='bbox 1659 2511 1775 2604; x_wconf 83' lang='lat' dir='ltr'><strong>iugalis</strong></span> <span class='ocrx_word' id='word_1_168' title='bbox 1800 2533 1861 2604; x_wconf 85' lang='lat' dir='ltr'><strong>ego</strong></span> <span class='ocrx_word' id='word_1_169' title='bbox 1890 2510 1947 2604; x_wconf 94' lang='lat' dir='ltr'><strong>qui</strong></span> <span class='ocrx_word' id='word_1_170' title='bbox 1972 2533 2103 2580; x_wconf 90' lang='lat' dir='ltr'><strong>memo-</strong></span> 
     </span>
     <span class='ocr_line' id='line_1_17' title="bbox 679 2634 1913 2731; baseline 0.001 -29"><span class='ocrx_word' id='word_1_171' title='bbox 679 2645 766 2704; x_wconf 88' lang='lat' dir='ltr'><strong>ratos</strong></span> <span class='ocrx_word' id='word_1_172' title='bbox 791 2636 831 2705; x_wconf 88' lang='lat' dir='ltr'><strong>ab</strong></span> <span class='ocrx_word' id='word_1_173' title='bbox 855 2638 901 2707; x_wconf 90' lang='lat' dir='ltr'><strong>eis</strong></span> <span class='ocrx_word' id='word_1_174' title='bbox 925 2649 1057 2731; x_wconf 83' lang='lat' dir='ltr'><strong>rogatus</strong></span> <span class='ocrx_word' id='word_1_175' title='bbox 1081 2661 1141 2729; x_wconf 91' lang='lat' dir='ltr'><strong>pro</strong></span> <span class='ocrx_word' id='word_1_176' title='bbox 1165 2639 1210 2707; x_wconf 86' lang='lat' dir='ltr'><strong>eis</strong></span> <span class='ocrx_word' id='word_1_177' title='bbox 1235 2635 1406 2729; x_wconf 91' lang='lat' dir='ltr'><strong>subscripsi</strong></span> <span class='ocrx_word' id='word_1_178' title='bbox 1431 2634 1461 2730; x_wconf 87' lang='lat'>†</span> <span class='ocrx_word' id='word_1_179' title='bbox 1469 2683 1694 2707; x_wconf 91' lang='grc'><strong>..........</strong></span> <span class='ocrx_word' id='word_1_180' title='bbox 1705 2635 1766 2704; x_wconf 86' lang='lat' dir='ltr'><strong>alia</strong></span> <span class='ocrx_word' id='word_1_181' title='bbox 1791 2657 1913 2704; x_wconf 92' lang='lat' dir='ltr'><strong>manus.</strong></span> 
     </span>
    </p>

    <p class='ocr_par' dir='ltr' id='par_1_3' title="bbox 682 2756 2102 2980">
     <span class='ocr_line' id='line_1_18' title="bbox 774 2756 2102 2854; baseline 0 -26"><span class='ocrx_word' id='word_1_182' title='bbox 774 2756 805 2850; x_wconf 92' lang='lat'>†</span> <span class='ocrx_word' id='word_1_183' title='bbox 827 2761 899 2851; x_wconf 87' lang='lat' dir='ltr'><strong>Ego</strong></span> <span class='ocrx_word' id='word_1_184' title='bbox 933 2771 1042 2853; x_wconf 88' lang='lat' dir='ltr'><strong>petrus</strong></span> <span class='ocrx_word' id='word_1_185' title='bbox 1070 2760 1153 2832; x_wconf 86' lang='lat' dir='ltr'><strong>lilius</strong></span> <span class='ocrx_word' id='word_1_186' title='bbox 1186 2760 1309 2833; x_wconf 93' lang='lat' dir='ltr'><strong>domini</strong></span> <span class='ocrx_word' id='word_1_187' title='bbox 1342 2759 1477 2854; x_wconf 86' lang='lat' dir='ltr'><strong>aligerni</strong></span> <span class='ocrx_word' id='word_1_188' title='bbox 1510 2769 1643 2854; x_wconf 84' lang='lat' dir='ltr'><strong>rogatus</strong></span> <span class='ocrx_word' id='word_1_189' title='bbox 1679 2783 1696 2827; x_wconf 89' lang='lat' dir='ltr'><strong>a</strong></span> <span class='ocrx_word' id='word_1_190' title='bbox 1726 2759 1956 2853; x_wconf 88' lang='lat' dir='ltr'><strong>suprascriptos</strong></span> <span class='ocrx_word' id='word_1_191' title='bbox 1980 2759 2102 2854; x_wconf 86' lang='lat' dir='ltr'><strong>iugales</strong></span> 
     </span>
     <span class='ocr_line' id='line_1_19' title="bbox 682 2885 1387 2980; baseline 0.004 -25"><span class='ocrx_word' id='word_1_192' title='bbox 682 2886 755 2957; x_wconf 89' lang='lat' dir='ltr'><strong>testi</strong></span> <span class='ocrx_word' id='word_1_193' title='bbox 779 2885 997 2980; x_wconf 85' lang='lat' dir='ltr'><strong>subscripsi†</strong></span> <span class='ocrx_word' id='word_1_194' title='bbox 1005 2937 1182 2961; x_wconf 91' lang='grc'><strong>........</strong></span> <span class='ocrx_word' id='word_1_195' title='bbox 1191 2911 1267 2960; x_wconf 87' lang='lat' dir='ltr'><strong>nam</strong></span> <span class='ocrx_word' id='word_1_196' title='bbox 1290 2889 1387 2958; x_wconf 79' lang='lat' dir='ltr'><strong>testis</strong></span> 
     </span>
    </p>

    <p class='ocr_par' dir='ltr' id='par_1_4' title="bbox 774 2989 2102 3100">
     <span class='ocr_line' id='line_1_20' title="bbox 774 2989 2102 3100; baseline -0.006 -20"><span class='ocrx_word' id='word_1_197' title='bbox 774 3007 916 3100; x_wconf 79' lang='lat' dir='ltr'><strong>†nr0</strong></span> <span class='ocrx_word' id='word_1_198' title='bbox 941 3018 1204 3082; x_wconf 78' lang='lat' dir='ltr'><strong>enononorc</strong></span> <span class='ocrx_word' id='word_1_199' title='bbox 1237 3017 1413 3084; x_wconf 71' lang='lat' dir='ltr'><strong>uiatore</strong></span> <span class='ocrx_word' id='word_1_200' title='bbox 1450 2989 1518 3080; x_wconf 76' lang='lat' dir='ltr'><strong>n’n&#39;</strong></span> <span class='ocrx_word' id='word_1_201' title='bbox 1536 3018 1680 3084; x_wconf 71' lang='lat' dir='ltr'><strong>uinum</strong></span> <span class='ocrx_word' id='word_1_202' title='bbox 1705 2989 2102 3080; x_wconf 63' lang='lat' dir='ltr'><strong>noni...iterum1estis.</strong></span> 
     </span>
    </p>

    <p class='ocr_par' dir='ltr' id='par_1_5' title="bbox 772 3134 2045 3231">
     <span class='ocr_line' id='line_1_21' title="bbox 772 3134 2045 3231; baseline -0.005 -20"><span class='ocrx_word' id='word_1_203' title='bbox 772 3135 804 3229; x_wconf 88' lang='lat'>†</span> <span class='ocrx_word' id='word_1_204' title='bbox 828 3139 900 3231; x_wconf 85' lang='lat' dir='ltr'><strong>Ego</strong></span> <span class='ocrx_word' id='word_1_205' title='bbox 924 3140 1085 3230; x_wconf 85' lang='lat' dir='ltr'><strong>aligernus</strong></span> <span class='ocrx_word' id='word_1_206' title='bbox 1110 3139 1196 3210; x_wconf 89' lang='lat' dir='ltr'><strong>filius</strong></span> <span class='ocrx_word' id='word_1_207' title='bbox 1221 3139 1343 3208; x_wconf 89' lang='lat' dir='ltr'><strong>domini</strong></span> <span class='ocrx_word' id='word_1_208' title='bbox 1367 3138 1514 3209; x_wconf 91' lang='lat' dir='ltr'><strong>iohannis</strong></span> <span class='ocrx_word' id='word_1_209' title='bbox 1522 3185 1771 3210; x_wconf 93' lang='grc'><strong>...........</strong></span> <span class='ocrx_word' id='word_1_210' title='bbox 1780 3136 1924 3206; x_wconf 89' lang='lat' dir='ltr'><strong>similiter</strong></span> <span class='ocrx_word' id='word_1_211' title='bbox 1948 3134 2045 3204; x_wconf 90' lang='lat' dir='ltr'><strong>testis.</strong></span> 
     </span>
    </p>

    <p class='ocr_par' dir='ltr' id='par_1_6' title="bbox 678 3260 2099 3484">
     <span class='ocr_line' id='line_1_22' title="bbox 774 3260 2099 3357; baseline -0.005 -26"><span class='ocrx_word' id='word_1_212' title='bbox 774 3260 805 3355; x_wconf 87' lang='lat'><strong>†</strong></span> <span class='ocrx_word' id='word_1_213' title='bbox 829 3263 900 3357; x_wconf 84' lang='lat' dir='ltr'><strong>Ego</strong></span> <span class='ocrx_word' id='word_1_214' title='bbox 924 3267 1042 3335; x_wconf 84' lang='lat' dir='ltr'><strong>andrea</strong></span> <span class='ocrx_word' id='word_1_215' title='bbox 1067 3265 1195 3336; x_wconf 89' lang='lat' dir='ltr'><strong>curialis</strong></span> <span class='ocrx_word' id='word_1_216' title='bbox 1220 3264 1379 3354; x_wconf 80' lang='lat' dir='ltr'><strong>complevi</strong></span> <span class='ocrx_word' id='word_1_217' title='bbox 1403 3273 1435 3332; x_wconf 90' lang='lat' dir='ltr'><strong>et</strong></span> <span class='ocrx_word' id='word_1_218' title='bbox 1459 3263 1582 3334; x_wconf 84' lang='lat' dir='ltr'><strong>absolui</strong></span> <span class='ocrx_word' id='word_1_219' title='bbox 1600 3263 1651 3335; x_wconf 91' lang='lat' dir='ltr'><strong>die</strong></span> <span class='ocrx_word' id='word_1_220' title='bbox 1668 3274 1700 3333; x_wconf 93' lang='lat' dir='ltr'><strong>et</strong></span> <span class='ocrx_word' id='word_1_221' title='bbox 1723 3263 1897 3333; x_wconf 88' lang='lat' dir='ltr'><strong>indictione</strong></span> <span class='ocrx_word' id='word_1_222' title='bbox 1923 3267 2099 3332; x_wconf 88' lang='lat' dir='ltr'><strong>memorata</strong></span> 
     </span>
     <span class='ocr_line' id='line_1_23' title="bbox 678 3389 1213 3484; baseline -0.006 -22"><span class='ocrx_word' id='word_1_223' title='bbox 678 3389 813 3484; x_wconf 81' lang='lat' dir='ltr'><strong>sexta†</strong></span> <span class='ocrx_word' id='word_1_224' title='bbox 821 3439 997 3460; x_wconf 86' lang='grc'><strong>........</strong></span> <span class='ocrx_word' id='word_1_225' title='bbox 1005 3393 1066 3462; x_wconf 86' lang='lat' dir='ltr'><strong>alia</strong></span> <span class='ocrx_word' id='word_1_226' title='bbox 1090 3415 1213 3462; x_wconf 90' lang='lat' dir='ltr'><strong>manus.</strong></span> 
     </span>
    </p>

    <p class='ocr_par' dir='ltr' id='par_1_7' title="bbox 675 3513 2103 4235">
     <span class='ocr_line' id='line_1_24' title="bbox 772 3513 2103 3607; baseline 0 -24"><span class='ocrx_word' id='word_1_227' title='bbox 772 3514 803 3607; x_wconf 92' lang='lat'>†</span> <span class='ocrx_word' id='word_1_228' title='bbox 827 3516 898 3605; x_wconf 84' lang='lat' dir='ltr'><strong>Ego</strong></span> <span class='ocrx_word' id='word_1_229' title='bbox 922 3521 1031 3604; x_wconf 89' lang='lat' dir='ltr'><strong>petrus</strong></span> <span class='ocrx_word' id='word_1_230' title='bbox 1055 3513 1226 3604; x_wconf 90' lang='lat' dir='ltr'><strong>primarius</strong></span> <span class='ocrx_word' id='word_1_231' title='bbox 1250 3515 1340 3583; x_wconf 89' lang='lat' dir='ltr'><strong>curie</strong></span> <span class='ocrx_word' id='word_1_232' title='bbox 1365 3515 1463 3583; x_wconf 88' lang='lat' dir='ltr'><strong>huius</strong></span> <span class='ocrx_word' id='word_1_233' title='bbox 1491 3517 1629 3583; x_wconf 80' lang='lat' dir='ltr'><strong>civitatis</strong></span> <span class='ocrx_word' id='word_1_234' title='bbox 1653 3516 1795 3606; x_wconf 86' lang='lat' dir='ltr'><strong>neapolis</strong></span> <span class='ocrx_word' id='word_1_235' title='bbox 1819 3515 1879 3584; x_wconf 90' lang='lat' dir='ltr'><strong>hec</strong></span> <span class='ocrx_word' id='word_1_236' title='bbox 1908 3513 2103 3606; x_wconf 83' lang='lat' dir='ltr'><strong>exemplarie</strong></span> 
     </span>
     <span class='ocr_line' id='line_1_25' title="bbox 678 3637 2101 3734; baseline -0.003 -21"><span class='ocrx_word' id='word_1_237' title='bbox 678 3640 821 3734; x_wconf 88' lang='lat' dir='ltr'><strong>dispositi</strong></span> <span class='ocrx_word' id='word_1_238' title='bbox 844 3640 1014 3710; x_wconf 88' lang='lat' dir='ltr'><strong>memorati</strong></span> <span class='ocrx_word' id='word_1_239' title='bbox 1029 3638 1127 3732; x_wconf 84' lang='lat' dir='ltr'><strong>sergii</strong></span> <span class='ocrx_word' id='word_1_240' title='bbox 1143 3637 1226 3709; x_wconf 90' lang='lat' dir='ltr'><strong>sicut</strong></span> <span class='ocrx_word' id='word_1_241' title='bbox 1240 3638 1388 3731; x_wconf 90' lang='lat' dir='ltr'><strong>superius</strong></span> <span class='ocrx_word' id='word_1_242' title='bbox 1404 3639 1524 3730; x_wconf 84' lang='lat' dir='ltr'><strong>legitur</strong></span> <span class='ocrx_word' id='word_1_243' title='bbox 1544 3640 1632 3732; x_wconf 91' lang='lat' dir='ltr'><strong>quod</strong></span> <span class='ocrx_word' id='word_1_244' title='bbox 1650 3639 1719 3709; x_wconf 91' lang='lat' dir='ltr'><strong>eius</strong></span> <span class='ocrx_word' id='word_1_245' title='bbox 1735 3639 1931 3708; x_wconf 89' lang='lat' dir='ltr'><strong>autenticum</strong></span> <span class='ocrx_word' id='word_1_246' title='bbox 1947 3641 2040 3710; x_wconf 88' lang='lat' dir='ltr'><strong>nobis</strong></span> <span class='ocrx_word' id='word_1_247' title='bbox 2056 3653 2101 3709; x_wconf 88' lang='lat' dir='ltr'><strong>at-</strong></span> 
     </span>
     <span class='ocr_line' id='line_1_26' title="bbox 676 3765 2101 3861; baseline -0.003 -21"><span class='ocrx_word' id='word_1_248' title='bbox 676 3770 769 3840; x_wconf 86' lang='lat' dir='ltr'><strong>duxit</strong></span> <span class='ocrx_word' id='word_1_249' title='bbox 793 3768 900 3861; x_wconf 79' lang='lat' dir='ltr'><strong>sergio</strong></span> <span class='ocrx_word' id='word_1_250' title='bbox 924 3767 1015 3839; x_wconf 92' lang='lat' dir='ltr'><strong>cuius</strong></span> <span class='ocrx_word' id='word_1_251' title='bbox 1039 3789 1158 3837; x_wconf 91' lang='lat' dir='ltr'><strong>nomen</strong></span> <span class='ocrx_word' id='word_1_252' title='bbox 1181 3765 1429 3859; x_wconf 86' lang='lat' dir='ltr'><strong>papasalbanum</strong></span> <span class='ocrx_word' id='word_1_253' title='bbox 1444 3789 1504 3858; x_wconf 93' lang='lat' dir='ltr'><strong>pro</strong></span> <span class='ocrx_word' id='word_1_254' title='bbox 1519 3766 1589 3836; x_wconf 87' lang='lat' dir='ltr'><strong>hice</strong></span> <span class='ocrx_word' id='word_1_255' title='bbox 1614 3791 1670 3837; x_wconf 89' lang='lat' dir='ltr'><strong>sua</strong></span> <span class='ocrx_word' id='word_1_256' title='bbox 1692 3776 1724 3836; x_wconf 89' lang='lat' dir='ltr'><strong>et</strong></span> <span class='ocrx_word' id='word_1_257' title='bbox 1745 3769 1783 3837; x_wconf 89' lang='lat' dir='ltr'><strong>de</strong></span> <span class='ocrx_word' id='word_1_258' title='bbox 1800 3769 1945 3859; x_wconf 82' lang='lat' dir='ltr'><strong>germani</strong></span> <span class='ocrx_word' id='word_1_259' title='bbox 1960 3768 2026 3836; x_wconf 91' lang='lat' dir='ltr'><strong>suis</strong></span> <span class='ocrx_word' id='word_1_260' title='bbox 2041 3792 2101 3861; x_wconf 88' lang='lat' dir='ltr'><strong>pro</strong></span> 
     </span>
     <span class='ocr_line' id='line_1_27' title="bbox 675 3890 2100 3986; baseline -0.001 -23"><span class='ocrx_word' id='word_1_261' title='bbox 675 3897 734 3964; x_wconf 86' lang='lat' dir='ltr'><strong>ista</strong></span> <span class='ocrx_word' id='word_1_262' title='bbox 758 3893 952 3986; x_wconf 85' lang='lat' dir='ltr'><strong>exemplaria</strong></span> <span class='ocrx_word' id='word_1_263' title='bbox 977 3901 1010 3962; x_wconf 88' lang='lat' dir='ltr'><strong>at</strong></span> <span class='ocrx_word' id='word_1_264' title='bbox 1034 3891 1081 3962; x_wconf 91' lang='lat' dir='ltr'><strong>eis</strong></span> <span class='ocrx_word' id='word_1_265' title='bbox 1105 3890 1289 3962; x_wconf 85' lang='lat' dir='ltr'><strong>faciendum</strong></span> <span class='ocrx_word' id='word_1_266' title='bbox 1312 3915 1355 3961; x_wconf 84' lang='lat' dir='ltr'><strong>ex</strong></span> <span class='ocrx_word' id='word_1_267' title='bbox 1379 3891 1449 3984; x_wconf 90' lang='lat' dir='ltr'><strong>ipso</strong></span> <span class='ocrx_word' id='word_1_268' title='bbox 1473 3891 1657 3964; x_wconf 90' lang='lat' dir='ltr'><strong>authentico</strong></span> <span class='ocrx_word' id='word_1_269' title='bbox 1685 3891 1824 3962; x_wconf 88' lang='lat' dir='ltr'><strong>relebata</strong></span> <span class='ocrx_word' id='word_1_270' title='bbox 1845 3903 1877 3962; x_wconf 92' lang='lat' dir='ltr'><strong>et</strong></span> <span class='ocrx_word' id='word_1_271' title='bbox 1898 3916 1974 3962; x_wconf 92' lang='lat' dir='ltr'><strong>cum</strong></span> <span class='ocrx_word' id='word_1_272' title='bbox 2001 3893 2100 3963; x_wconf 87' lang='lat' dir='ltr'><strong>nimia</strong></span> 
     </span>
     <span class='ocr_line' id='line_1_28' title="bbox 675 4015 2100 4110; baseline 0 -24"><span class='ocrx_word' id='word_1_273' title='bbox 675 4018 798 4088; x_wconf 87' lang='lat' dir='ltr'><strong>cautela</strong></span> <span class='ocrx_word' id='word_1_274' title='bbox 822 4029 855 4088; x_wconf 94' lang='lat' dir='ltr'><strong>at</strong></span> <span class='ocrx_word' id='word_1_275' title='bbox 878 4015 1021 4110; x_wconf 80' lang='lat' dir='ltr'><strong>singulos</strong></span> <span class='ocrx_word' id='word_1_276' title='bbox 1045 4016 1180 4088; x_wconf 82' lang='lat' dir='ltr'><strong>relectas</strong></span> <span class='ocrx_word' id='word_1_277' title='bbox 1205 4037 1266 4107; x_wconf 90' lang='lat' dir='ltr'><strong>pro</strong></span> <span class='ocrx_word' id='word_1_278' title='bbox 1282 4015 1470 4108; x_wconf 84' lang='lat' dir='ltr'><strong>anrpliorcm</strong></span> <span class='ocrx_word' id='word_1_279' title='bbox 1488 4016 1558 4086; x_wconf 91' lang='lat' dir='ltr'><strong>eius</strong></span> <span class='ocrx_word' id='word_1_280' title='bbox 1575 4017 1725 4086; x_wconf 84' lang='lat' dir='ltr'><strong>firmitate</strong></span> <span class='ocrx_word' id='word_1_281' title='bbox 1748 4039 1863 4085; x_wconf 91' lang='lat' dir='ltr'><strong>manus</strong></span> <span class='ocrx_word' id='word_1_282' title='bbox 1878 4017 2006 4109; x_wconf 89' lang='lat' dir='ltr'><strong>propria</strong></span> <span class='ocrx_word' id='word_1_283' title='bbox 2022 4016 2100 4086; x_wconf 92' lang='lat' dir='ltr'><strong>sub-</strong></span> 
     </span>
     <span class='ocr_line' id='line_1_29' title="bbox 676 4139 1956 4235; baseline -0.002 -22"><span class='ocrx_word' id='word_1_284' title='bbox 676 4145 787 4235; x_wconf 90' lang='lat' dir='ltr'><strong>scripsi</strong></span> <span class='ocrx_word' id='word_1_285' title='bbox 810 4144 845 4212; x_wconf 94' lang='lat' dir='ltr'><strong>in</strong></span> <span class='ocrx_word' id='word_1_286' title='bbox 870 4143 922 4213; x_wconf 86' lang='lat' dir='ltr'><strong>die</strong></span> <span class='ocrx_word' id='word_1_287' title='bbox 946 4143 1097 4211; x_wconf 86' lang='lat' dir='ltr'><strong>vicesima</strong></span> <span class='ocrx_word' id='word_1_288' title='bbox 1121 4139 1258 4209; x_wconf 85' lang='lat' dir='ltr'><strong>hoctaba</strong></span> <span class='ocrx_word' id='word_1_289' title='bbox 1281 4141 1398 4212; x_wconf 89' lang='lat' dir='ltr'><strong>mensis</strong></span> <span class='ocrx_word' id='word_1_290' title='bbox 1423 4141 1532 4233; x_wconf 86' lang='lat' dir='ltr'><strong>aprilis</strong></span> <span class='ocrx_word' id='word_1_291' title='bbox 1555 4142 1729 4212; x_wconf 88' lang='lat' dir='ltr'><strong>indictione</strong></span> <span class='ocrx_word' id='word_1_292' title='bbox 1754 4141 1956 4235; x_wconf 74' lang='lat' dir='ltr'><strong>secumda.†</strong></span> 
     </span>
    </p>

    <p class='ocr_par' dir='ltr' id='par_1_8' title="bbox 770 4265 2098 4362">
     <span class='ocr_line' id='line_1_30' title="bbox 770 4265 2098 4362; baseline 0.004 -25"><span class='ocrx_word' id='word_1_293' title='bbox 770 4265 801 4360; x_wconf 88' lang='lat'>†</span> <span class='ocrx_word' id='word_1_294' title='bbox 824 4269 895 4361; x_wconf 81' lang='lat' dir='ltr'><strong>Ego</strong></span> <span class='ocrx_word' id='word_1_295' title='bbox 918 4267 1042 4360; x_wconf 82' lang='lat' dir='ltr'><strong>sergius</strong></span> <span class='ocrx_word' id='word_1_296' title='bbox 1067 4267 1242 4338; x_wconf 88' lang='lat' dir='ltr'><strong>tabularius</strong></span> <span class='ocrx_word' id='word_1_297' title='bbox 1266 4269 1354 4341; x_wconf 90' lang='lat' dir='ltr'><strong>curie</strong></span> <span class='ocrx_word' id='word_1_298' title='bbox 1377 4268 1475 4341; x_wconf 90' lang='lat' dir='ltr'><strong>huius</strong></span> <span class='ocrx_word' id='word_1_299' title='bbox 1499 4268 1637 4342; x_wconf 85' lang='lat' dir='ltr'><strong>civitatis</strong></span> <span class='ocrx_word' id='word_1_300' title='bbox 1652 4269 1794 4362; x_wconf 85' lang='lat' dir='ltr'><strong>neapolis</strong></span> <span class='ocrx_word' id='word_1_301' title='bbox 1818 4270 1879 4341; x_wconf 89' lang='lat' dir='ltr'><strong>hec</strong></span> <span class='ocrx_word' id='word_1_302' title='bbox 1903 4267 2098 4362; x_wconf 84' lang='lat' dir='ltr'><strong>exemplarie</strong></span> 
     </span>
    </p>
   </div>
   <div class='ocr_carea' id='block_1_2' title="bbox 671 4675 2097 4764">
    <p class='ocr_par' dir='ltr' id='par_1_9' title="bbox 671 4675 2097 4764">
     <span class='ocr_line' id='line_1_31' title="bbox 671 4675 2097 4764; baseline -0.001 -26"><span class='ocrx_word' id='word_1_303' title='bbox 671 4698 736 4739; x_wconf 82' lang='lat' dir='ltr'><strong>sem</strong></span> <span class='ocrx_word' id='word_1_304' title='bbox 756 4679 996 4745; x_wconf 85' lang='lat' dir='ltr'><strong>beneventanum</strong></span> <span class='ocrx_word' id='word_1_305' title='bbox 1019 4694 1158 4762; x_wconf 86' lang='lat' dir='ltr'><strong>quartam</strong></span> <span class='ocrx_word' id='word_1_306' title='bbox 1179 4681 1266 4744; x_wconf 84' lang='lat' dir='ltr'><strong>luisse</strong></span> <span class='ocrx_word' id='word_1_307' title='bbox 1285 4696 1402 4764; x_wconf 84' lang='lat' dir='ltr'><strong>partem</strong></span> <span class='ocrx_word' id='word_1_308' title='bbox 1422 4681 1513 4745; x_wconf 91' lang='lat' dir='ltr'><strong>solidi</strong></span> <span class='ocrx_word' id='word_1_309' title='bbox 1534 4685 1616 4743; x_wconf 86' lang='lat' dir='ltr'><strong>aurei</strong></span> <span class='ocrx_word' id='word_1_310' title='bbox 1650 4682 1733 4744; x_wconf 89' lang='lat' dir='ltr'><strong>urbis</strong></span> <span class='ocrx_word' id='word_1_311' title='bbox 1758 4682 1922 4745; x_wconf 82' lang='lat' dir='ltr'><strong>Beneuenti</strong></span> <span class='ocrx_word' id='word_1_312' title='bbox 1954 4692 1983 4740; x_wconf 82' lang='lat' dir='ltr'><strong>et</strong></span> <span class='ocrx_word' id='word_1_313' title='bbox 2002 4675 2097 4739; x_wconf 84' lang='lat' dir='ltr'><strong>Prin-</strong></span> 
     </span>
    </p>
   </div>
   <div class='ocr_carea' id='block_1_3' title="bbox 672 4792 2098 4986">
    <p class='ocr_par' dir='ltr' id='par_1_10' title="bbox 672 4792 2098 4986">
     <span class='ocr_line' id='line_1_32' title="bbox 672 4792 2098 4882; baseline 0.007 -33"><span class='ocrx_word' id='word_1_314' title='bbox 672 4792 747 4872; x_wconf 84' lang='lat' dir='ltr'><strong>cipis</strong></span> <span class='ocrx_word' id='word_1_315' title='bbox 766 4794 905 4874; x_wconf 81' lang='lat' dir='ltr'><strong>Aregtsi,</strong></span> <span class='ocrx_word' id='word_1_316' title='bbox 938 4807 968 4854; x_wconf 85' lang='lat' dir='ltr'><strong>et</strong></span> <span class='ocrx_word' id='word_1_317' title='bbox 990 4794 1112 4856; x_wconf 86' lang='lat' dir='ltr'><strong>addidit</strong></span> <span class='ocrx_word' id='word_1_318' title='bbox 1130 4816 1189 4858; x_wconf 86' lang='lat' dir='ltr'><strong>sese</strong></span> <span class='ocrx_word' id='word_1_319' title='bbox 1209 4796 1292 4857; x_wconf 87' lang='lat' dir='ltr'><strong>haud</strong></span> <span class='ocrx_word' id='word_1_320' title='bbox 1323 4797 1439 4877; x_wconf 89' lang='lat' dir='ltr'><strong>latere,</strong></span> <span class='ocrx_word' id='word_1_321' title='bbox 1472 4797 1555 4882; x_wconf 87' lang='lat' dir='ltr'><strong>quod</strong></span> <span class='ocrx_word' id='word_1_322' title='bbox 1576 4819 1640 4862; x_wconf 90' lang='lat' dir='ltr'><strong>non</strong></span> <span class='ocrx_word' id='word_1_323' title='bbox 1660 4796 1777 4873; x_wconf 86' lang='lat' dir='ltr'><strong>solidi,</strong></span> <span class='ocrx_word' id='word_1_324' title='bbox 1807 4795 1859 4863; x_wconf 70' lang='lat' dir='ltr'><strong>scd</strong></span> <span class='ocrx_word' id='word_1_325' title='bbox 1889 4796 1960 4859; x_wconf 83' lang='lat' dir='ltr'><strong>assis</strong></span> <span class='ocrx_word' id='word_1_326' title='bbox 1988 4807 2098 4878; x_wconf 85' lang='lat' dir='ltr'><strong>quarta</strong></span> 
     </span>
     <span class='ocr_line' id='line_1_33' title="bbox 673 4903 1324 4986; baseline 0.008 -27"><span class='ocrx_word' id='word_1_327' title='bbox 673 4919 742 4980; x_wconf 85' lang='lat' dir='ltr'><strong>pars</strong></span> <span class='ocrx_word' id='word_1_328' title='bbox 761 4903 910 4963; x_wconf 73' lang='lat' dir='ltr'><strong>tremissis</strong></span> <span class='ocrx_word' id='word_1_329' title='bbox 931 4906 1102 4986; x_wconf 89' lang='lat' dir='ltr'><strong>nuncupari</strong></span> <span class='ocrx_word' id='word_1_330' title='bbox 1124 4908 1324 4968; x_wconf 80' lang='lat' dir='ltr'><strong>consueverit.</strong></span> 
     </span>
    </p>
   </div>
   <div class='ocr_carea' id='block_1_4' title="bbox 0 0 2334 6505">
    <p class='ocr_par' dir='ltr' id='par_1_11' title="bbox 0 0 2334 6505">
     <span class='ocr_line' id='line_1_34' title="bbox 0 0 2334 6505; baseline 0 0"><span class='ocrx_word' id='word_1_331' title='bbox 0 0 2334 6505; x_wconf 95' lang='lat' dir='ltr'><strong> </strong></span> 
     </span>
    </p>
   </div>
  </div>
 </body>
</html>
