4658 6508
331 1153 368 1225 ln
393 1157 523 1224 nomine
543 1153 667 1222 domini
691 1153 743 1224 dei
767 1155 935 1223 salvatoris
958 1160 1062 1224 nostri
1086 1153 1178 1224 ihesu
1203 1156 1316 1225 christi
1332 1159 1513 1248 Imperante
1531 1155 1663 1226 domino
1732 1178 1784 1222 an.

236 1291 347 1351 nostro
362 1282 568 1352 Constantino
585 1281 817 1374 porfirogenito
840 1305 960 1376 magno
974 1285 1172 1376 Imperatore
1187 1306 1272 1352 anno
1286 1283 1542 1376 quartodecimo:
1559 1284 1615 1352 sed
1633 1293 1665 1352 et
1720 1287 1802 1343 921.

235 1419 412 1481 romanaet
428 1411 620 1478 christoforo
636 1411 706 1479 eius
722 1410 790 1480 lilio
802 1433 886 1480 anno
901 1412 1009 1504 primo
1020 1411 1089 1502 (1):
1110 1412 1162 1482 die
1181 1434 1266 1480 nona
1283 1409 1402 1481 mensis
1414 1408 1601 1502 septembrii
1617 1409 1666 1477 in-

233 1535 372 1605 dictione
390 1535 515 1604 decima
538 1535 666 1627 neapoli
688 1535 755 1604 Nos
779 1535 939 1605 macarius
964 1559 1145 1630 ygumenus
1165 1536 1353 1606 monasterii
1366 1543 1552 1604 sanctorum
1568 1533 1667 1625 sergii

233 1673 265 1730 et
281 1662 375 1730 bachi
391 1663 420 1731 Α
444 1662 585 1754 presenti
610 1663 663 1734 die
679 1664 835 1756 promitto
852 1664 913 1732 tivi
937 1716 1041 1734 .....
1065 1667 1199 1735 colonus
1217 1663 1302 1735 filius
1318 1665 1452 1758 quidam
1471 1662 1668 1756 ragemperti

234 1788 367 1857 colonus
385 1798 417 1858 et
440 1790 602 1859 habitator
620 1789 654 1858 in
678 1789 751 1858 loco
766 1789 824 1882 qui
840 1801 976 1860 vocatur
999 1788 1175 1884 fractalal:
1195 1798 1326 1882 propter
1350 1788 1429 1858 duas
1453 1797 1585 1881 grpptas
1610 1808 1666 1854 no·

312 2164 357 2246 (1)
379 2163 554 2224 Alexander
575 2167 621 2222 De
642 2163 711 2223 Meo
732 2161 915 2242 (Apparac.
941 2162 1113 2238 Grampag.
1134 2156 1203 2242 56)
1219 2159 1393 2218 Romanurn
1414 2155 1465 2218 die
1479 2169 1518 2226 24
1532 2171 1664 2239 septem-

231 2278 292 2337 bris
313 2278 383 2336 anni
406 2294 465 2355 919
476 2319 486 2350 ‚
501 2291 531 2337 et
552 2276 803 2357 christophorum
824 2273 873 2335 die
900 2294 936 2355 17
959 2272 1127 2334 decembris
1148 2270 1279 2332 eiusdem
1299 2271 1374 2330 anni
1404 2273 1578 2331 societatem
1604 2272 1665 2330 Im-

232 2387 309 2469 perii
329 2386 419 2446 fuisse
449 2386 632 2466 auspicatos:
655 2386 787 2466 primum
808 2405 883 2448 vero
904 2382 1008 2444 eodem
1027 2382 1084 2442 hoc
1099 2381 1146 2442 die
1160 2394 1191 2441 et
1206 2402 1282 2442 anno
1293 2427 1303 2459 ,
1326 2381 1456 2442 alterum
1476 2381 1526 2443 die
1540 2383 1578 2445 28
1594 2382 1665 2440 maii

230 2497 408 2577 insequentis
428 2495 498 2555 anni
519 2495 665 2576 imperiali
685 2494 851 2556 diademate
872 2495 1026 2575 insignitos
1047 2492 1190 2573 prodidit.
1211 2495 1326 2555 Verum
1346 2495 1419 2554 haec
1445 2495 1539 2555 serius
1567 2493 1665 2555 conti-

230 2608 307 2691 gisse
328 2607 435 2667 nostris
455 2625 472 2666 e
492 2605 676 2666 membranis
696 2605 805 2687 liquet.
825 2606 890 2666 Ubi
910 2606 991 2665 enim
1013 2603 1247 2684 chronologicae
1274 2605 1443 2684 praesentis
1469 2604 1665 2664 instrumenti

232 2735 320 2782 uotae
339 2720 554 2794 excutiantur,
575 2737 692 2778 annum
714 2735 769 2798 921
788 2717 870 2796 ipsae
883 2715 1022 2790 dabunt,
1045 2728 1076 2774 et
1089 2718 1264 2776 Romanum
1284 2734 1319 2775 ac
1331 2715 1583 2796 christophorum
1597 2729 1664 2795 post

232 2833 313 2895 diem
334 2855 353 2914 9
375 2831 550 2914 septembris
571 2831 644 2891 anni
665 2849 723 2910 920
746 2829 926 2891 Constantini
950 2828 981 2885 in
1010 2828 1139 2910 Imperio
1159 2829 1253 2888 socios
1284 2825 1373 2888 fuisse
1393 2827 1565 2889 ostendent.
1586 2826 1664 2888 Cum

232 2965 306 3008 vero
327 2957 358 3005 et
378 2941 465 3002 aliud
486 2953 622 3003 nostrum
643 2938 861 3001 documentum
875 2937 1026 2999 conditum
1039 2937 1159 2997 dicatur
1174 2937 1225 2998 die
1239 2957 1273 2996 rr
1288 2936 1418 2998 octobris
1438 2935 1608 2999 indictione
1620 2940 1663 3014 11,

232 3074 260 3121 et
280 3080 362 3120 anno
390 3057 477 3121 Vlll.
500 3057 628 3116 Romani
650 3069 680 3115 et
705 3054 940 3135 christophori,
971 3053 1045 3112 hinc
1065 3053 1181 3112 eruitur
1202 3051 1258 3109 hos
1272 3064 1342 3109 ante
1362 3048 1445 3110 diem
1469 3071 1503 3110 11
1531 3051 1663 3110 octobris

232 3169 307 3227 anni
334 3183 390 3248 921
413 3166 581 3246 imperasse.
601 3163 742 3223 Tertium
762 3175 914 3242 praeterea
937 3161 1015 3221 nacti
1037 3181 1139 3220 sumus
1158 3161 1420 3235 instrumentum,
1452 3159 1506 3218 uhi
1525 3158 1661 3241 legitur:

231 3279 403 3355 imperante
425 3273 554 3334 domino
574 3281 678 3332 nostro
694 3273 995 3332 Constantiaoaana
1009 3270 1150 3346 XXXI,
1172 3268 1231 3328 secl
1248 3278 1279 3327 et
1292 3275 1443 3331 Romano
1456 3289 1574 3346 magna
1596 3271 1661 3327 im-

227 3397 370 3464 peratore
390 3404 476 3444 anno
489 3387 590 3444 XXI.
604 3383 656 3443 die
670 3386 805 3445 XXVI.
826 3383 955 3461 augusti
974 3379 1146 3441 indictione
1160 3382 1236 3441 XV.
1251 3381 1341 3442 Hisce
1358 3380 1439 3440 uotis
1460 3380 1534 3440 item
1554 3401 1663 3442 exeus-

231 3501 289 3569 sis,
319 3495 424 3576 palam
444 3494 499 3555 fiet
520 3494 707 3554 Constantini
728 3512 866 3555 socerum
886 3491 1076 3572 levirumque
1107 3511 1204 3571 neque
1235 3504 1302 3550 ante
1338 3489 1418 3550 diem
1449 3492 1488 3551 26
1520 3493 1659 3571 augusti,

230 3626 328 3688 neque
347 3620 413 3689 post
433 3605 512 3666 diem
536 3625 569 3665 11
593 3605 717 3666 octobris
736 3605 767 3664 in
787 3623 864 3664 auno
885 3620 942 3683 921
966 3615 1019 3663 aut
1038 3602 1159 3684 Imperii
1185 3601 1276 3662 socios
1298 3615 1469 3683 cooptatos,
1497 3614 1550 3660 aut
1574 3621 1661 3661 coro-

230 3734 313 3782 natos
332 3719 427 3779 fuisse.

311 3829 355 3912 (a)
376 3831 473 3891 Vicus
493 3832 543 3892 hic
563 3829 693 3912 simplici
707 3833 846 3890 Fractae
866 3821 988 3889 nomihe
1009 3828 1136 3889 donatus
1157 3829 1355 3909 inpraesenti
1374 3827 1571 3905 membrana,
1592 3829 1656 3891 sive

230 3943 265 4001 in
286 3962 364 4003 anno
380 3962 437 4023 9²²
455 3942 591 4023 primum
607 3941 746 4002 occurrit.
759 3944 828 4001 Hoc
847 3939 951 4000 eodem
963 3939 1149 4000 documento
1159 3960 1229 3999 usus
1243 3953 1289 4000 est
1301 3939 1443 4000 Claritius
1458 3937 1470 4020 (
1475 3958 1551 4018 pag.
1566 3939 1655 4022 158),

231 4073 292 4134 qrro
305 4052 411 4112 vicum
432 4049 526 4112 illum
540 4052 709 4131 antiquitus
729 4053 884 4110 Fractam
899 4094 910 4126 ,
933 4046 1022 4108 nullo
1037 4047 1166 4130 quidem
1180 4047 1285 4109 addito
1300 4042 1428 4132 ἐπιθέτῳ
1444 4063 1656 4130 nuncupatum

231 4162 324 4222 fuisse
345 4161 523 4222 adstrueret.
542 4161 652 4223 allatis
672 4181 763 4244 porro
783 4163 959 4242 aequiorum
980 4174 1157 4243 temporum
1177 4161 1364 4223 documentis
1385 4183 1448 4221 non
1469 4177 1540 4224 ante
1562 4166 1656 4225 Caro·

232 4274 256 4331 li
276 4275 301 4332 l.
332 4272 551 4354 andegavensis
572 4293 684 4336 aevum
703 4277 861 4334 Fructum
891 4276 1044 4334 maiorem
1074 4273 1263 4355 appellatam
1291 4275 1384 4337 luisse
1413 4278 1577 4339 contendit.
1609 4281 1657 4340 Ita

231 4407 306 4446 vero
328 4383 441 4446 dictam
463 4387 529 4462 ait,
551 4401 587 4446 ut
609 4385 830 4448 discerneretur
851 4389 890 4448 ab
911 4385 1009 4447 altero
1029 4387 1147 4448 minore
1166 4388 1262 4465 vico,
1295 4389 1345 4449 cui
1364 4391 1504 4449 Fractaa
1530 4410 1655 4472 quoque

232 4519 345 4560 nomen
365 4497 501 4559 inditum
516 4498 581 4558 luit.
596 4500 692 4560 Hunc
705 4513 807 4560 autem
827 4520 864 4560 ex
877 4498 996 4561 Atellae
1017 4498 1139 4560 excidio
1156 4499 1305 4581 prodiisse
1326 4514 1409 4562 ratus
1429 4516 1474 4564 est
1492 4523 1528 4562 eo
1538 4549 1547 4581 ,
1568 4501 1655 4584 qnod

232 4612 265 4668 in
285 4607 418 4688 quadam
438 4609 509 4667 anui
531 4625 591 4688 942
621 4608 798 4670 membrana
828 4609 903 4670 haec
934 4610 1026 4672 verba
1048 4609 1317 4692 deprehenderat:
1338 4614 1492 4674 Fmatala
1512 4616 1654 4676 Piczula

233 4723 343 4780 Massa
363 4720 520 4780 Atellano.
537 4722 576 4780 ht
588 4720 771 4783 Laurentius
783 4723 968 4782 lastinianus
988 4721 1148 4802 (Diasion.
1163 4724 1310 4802 Geogmf.
1319 4723 1371 4784 det
1378 4727 1491 4804 Regno
1505 4725 1655 4810 cliNap.)

230 4829 338 4890 statuit
356 4830 475 4909 quidem
489 4832 644 4890 Fractam
669 4827 750 4888 idem
771 4851 831 4891 esse
852 4851 886 4890 ac
907 4836 1060 4893 Fractam
1073 4834 1243 4908 maiorem,
1266 4852 1346 4913 quae
1365 4835 1563 4915 quandonam
1579 4860 1655 4900 con-

230 4942 294 5003 dita
329 4955 360 5002 et
389 4941 493 4999 maior
521 4955 629 5004 vocata
663 4943 756 5006 suerit
771 4987 780 5018 ,
806 4944 863 5004 sibi
883 4957 1075 5026 compertum
1098 4944 1186 5007 haud
1211 4965 1272 5008 esse
1297 4944 1430 5028 latetur,
1460 4951 1654 5032 apraedicto

1252 5069 1271 5128 5
