4692 6512
832 555 1044 722 uma)

356 777 464 858 Mense
488 777 597 850 iunius
619 777 794 854 indictione
817 787 931 876 quarta
958 780 1031 878 (12)

341 2985 406 3066 (12)
427 2984 571 3068 Diploma
590 2986 648 3046 boo
667 2983 761 3046 edidit
779 2985 960 3048 Muratorius
980 2985 1012 3046 iu
1032 2985 1235 3048 dissertatione
1255 2985 1384 3050 LXVII.
1404 3006 1420 3046 a
1440 2989 1607 3051 monasterii
1627 3004 1680 3047 ca-

261 3095 364 3156 vensis
390 3091 558 3156 Tabulario
582 3093 801 3180 depromptum.
824 3097 928 3179 Ipsum
952 3116 1034 3158 nuno
1064 3097 1095 3157 in
1119 3110 1220 3158 nostro
1245 3110 1329 3158 extat
1353 3097 1509 3173 archivo,
1536 3120 1598 3180 quo
1625 3120 1686 3163 sese

262 3205 372 3287 recepit
392 3203 485 3268 simul
503 3226 572 3267 oum
591 3205 734 3289 plurimis
754 3206 823 3268 aliis
842 3205 1068 3284 instrumentis,
1098 3226 1177 3288 quae
1197 3229 1215 3268 a
1240 3206 1359 3289 Iosephi
1378 3207 1488 3270 Graeci
1516 3207 1678 3273 heredibus

259 3316 419 3380 coemenda
439 3320 554 3381 curavit
567 3319 617 3381 vir
629 3319 893 3402 praestantissimus
913 3319 1019 3402 loseph
1033 3321 1116 3383 Ceva
1129 3319 1283 3383 Grimaldi
1301 3319 1519 3383 Petraoatellae
1534 3321 1683 3397 Morohio,

260 3433 315 3511 qui
336 3451 406 3492 cunr
426 3430 500 3491 olim
520 3429 677 3492 Generalis
699 3430 897 3492 Archivomm
918 3431 1066 3511 Praesenti
1086 3435 1187 3495 munia
1207 3431 1350 3516 singulari
1370 3433 1462 3496 laude
1483 3433 1598 3511 obiret,
1620 3450 1687 3496 tum

259 3558 359 3606 nostro
379 3544 469 3620 huic,
489 3559 556 3606 tum
578 3545 700 3606 caeteris
721 3544 815 3626 Regni
830 3545 969 3608 Archivis
990 3543 1158 3628 plurimum
1178 3545 1307 3630 profuit,
1330 3560 1359 3608 et
1379 3545 1418 3608 de
1439 3549 1558 3610 cavensi
1579 3547 1684 3607 Tabu-

258 3652 336 3715 lario
356 3674 416 3715 non
436 3675 533 3737 pauca
554 3655 695 3738 perdocte
716 3677 752 3718 ao
773 3654 930 3737 diligenter
950 3653 1164 3735 elucubravit,
1197 3675 1277 3738 quae
1307 3656 1338 3718 in
1362 3655 1465 3720 eodem
1489 3657 1549 3719 lroo
1578 3669 1675 3720 nostro

257 3764 391 3828 Archivo
413 3781 608 3830 asservantur.
636 3770 640 3778 '

341 3882 482 3957 Quonam
501 3893 600 3941 autem
621 3892 710 3962 pacto
729 3891 960 3942 mouumentum
978 3878 1037 3939 boo
1057 3877 1089 3938 in
1108 3875 1240 3939 eiusdem
1260 3877 1370 3939 Graeci
1390 3889 1567 3959 potestatem
1588 3897 1685 3941 vene-

254 3993 315 4068 rit,
335 4013 388 4054 nos
408 3990 534 4073 quidem
553 3991 636 4053 latet.
650 3989 819 4052 Alexander
840 3989 877 4053 de
892 3991 959 4054 Meo
979 3989 1253 4072 (Ausetanum
1269 3988 1398 4070 duplam.
1412 3999 1435 4050 t.
1453 3994 1492 4050 V.
1505 4010 1584 4070 pag.
1600 3993 1683 4072 302)

253 4101 346 4162 huius
366 4099 535 4183 diplomatis
556 4100 736 4162 mentionem
748 4093 861 4174 habet,
880 4111 911 4160 et
923 4098 1118 4178 Anonymurn
1128 4097 1341 4160 salernitanum
1356 4095 1395 4157 de
1410 4097 1474 4157 eius
1487 4098 1613 4158 veritate
1627 4095 1685 4158 ad-

256 4211 404 4274 dubitasse
424 4209 520 4272 refert.
544 4209 636 4271 Nobis
666 4229 740 4273 vero
760 4207 905 4290 perinde,
933 4229 968 4269 ao
988 4206 1087 4268 eidem
1108 4207 1146 4269 de
1165 4207 1256 4284 Meo,
1286 4207 1362 4267 nihil
1383 4209 1416 4268 in
1437 4207 1496 4269 hoe
1517 4207 1683 4292 privilegio

255 4325 402 4401 oocurrit,
424 4343 461 4384 er
475 4343 538 4405 quo
552 4323 653 4402 ipsum
666 4319 812 4383 sublestae
833 4319 904 4381 fidei
924 4317 1132 4382 arcessendum
1152 4319 1298 4379 videatur.
1312 4315 1454 4379 Fatemur
1473 4317 1600 4402 quidem
1611 4323 1684 4404 p'ro-

257 4434 355 4494 ditum
380 4432 469 4493 suisse
490 4433 528 4494 ab
547 4430 694 4513 Ughellio
724 4431 826 4515 (last.
846 4451 912 4492 auo.
933 4441 956 4490 t.
982 4431 1058 4493 VH.
1081 4427 1195 4492 urtam.
1216 4429 1314 4511 502.)
1335 4427 1484 4504 Petrum,
1513 4431 1599 4492 ouius
1619 4430 1686 4490 heic

256 4563 337 4611 extat
356 4547 490 4624 mentio,
520 4545 732 4609 salernitanam
753 4543 933 4607 cathedram
957 4542 1113 4605 obtinuisse
1133 4555 1200 4625 post
1217 4539 1474 4618 Rachenaldum,
1496 4561 1589 4623 quem
1608 4562 1684 4604 anno

257 4674 314 4740 947
334 4657 436 4722 obiisse
454 4657 534 4719 idem
553 4655 721 4738 Ugbellins
744 4667 895 4717 autumat.
919 4653 1037 4714 Verum
1061 4673 1098 4714 ex
1117 4653 1175 4714 boo
1195 4666 1293 4714 nostro
1314 4649 1476 4736 diplomate
1495 4666 1578 4735 patet
1589 4697 1600 4730 ,
1621 4652 1684 4716 Pe-

256 4787 336 4834 tmm
356 4785 423 4834 ante
446 4790 557 4834 aunum
577 4785 637 4852 947
659 4767 858 4831 salomitanae
877 4766 1019 4828 eeclesiae
1044 4765 1222 4848 praefuisse3
1253 4766 1325 4848 quin
1349 4767 1440 4825 immo
1466 4765 1628 4827 secundum
1650 4789 1684 4828 ea

255 4901 333 4963 quae
353 4880 436 4944 idem
462 4882 500 4946 de
519 4883 589 4944 Meo
609 4879 710 4964 (idid.
729 4881 750 4942 t.
773 4879 824 4961 c.)
845 4877 979 4963 scripsit,
1005 4875 1237 4959 deprehenditur
1257 4877 1362 4941 Petrus
1382 4875 1497 4941 Salerni
1518 4876 1683 4962 Episcopus

256 4990 294 5050 ab
313 5011 391 5052 anno
405 5005 467 5071 940
478 4990 517 5052 ad
531 4992 601 5072 963.
725 4969 728 4974 Ι
