4658 6508
1316 659 1463 756 (rot)

681 816 796 890 sterius
819 816 982 888 licentiam
1006 814 1150 886 habentis
1173 837 1310 909 querere
1333 840 1392 910 per
1416 815 1543 887 nullum
1572 814 1706 886 modum
1734 834 1793 882 nec
1832 833 1891 906 per
1929 814 2113 886 summissis

681 945 826 1037 personis
850 945 1091 1037 imperpetuum
1114 952 1162 1016 set
1185 953 1290 1013 totum
1314 965 1411 1036 super
1434 965 1493 1012 nos
1515 942 1596 1012 illud
1627 941 1740 1011 tollere
1774 948 1807 1009 et
1835 939 1955 1010 bebere
1984 941 2113 1011 debea-

681 1093 779 1140 mus:
807 1071 922 1140 [nteris
957 1091 1097 1165 nemque
1130 1071 1218 1141 stetit
1252 1072 1336 1140 inter
1358 1071 1453 1142 nobis
1476 1077 1608 1163 propter
1631 1067 1686 1137 ille
1710 1067 1823 1161 quinte
1847 1088 1931 1160 quos
1959 1090 2018 1138 vos
2052 1078 2114 1140 aut

682 1193 867 1266 nominatus
904 1205 1031 1266 sanctus
1055 1203 1161 1266 vester
1184 1195 1399 1266 monasterius
1423 1194 1552 1266 dedistis
1587 1205 1644 1266 aut
1678 1196 1756 1265 dere
1784 1191 1942 1263 habuistis
1971 1191 2011 1261 de
2045 1192 2113 1262 hoc

679 1325 766 1393 unde
790 1321 938 1414 superius
962 1343 1020 1392 sex
1043 1321 1154 1390 uncias
1177 1319 1364 1390 nominatus
1387 1329 1498 1392 noster
1521 1321 1735 1391 monasterius
1762 1319 1905 1390 diximus
1919 1315 2041 1387 babere
2056 1319 2112 1387 vel

681 1450 720 1518 de
745 1447 826 1538 illud
851 1451 940 1543 quod
963 1471 1022 1520 vos
1046 1459 1102 1518 eut
1124 1449 1310 1518 nominatus
1333 1458 1460 1518 sanctus
1484 1460 1591 1517 vester
1614 1449 1830 1515 monasterius
1865 1449 1905 1518 de
1942 1447 2111 1515 nominate

677 1573 854 1642 substantia
886 1576 1053 1644 venditum
1077 1571 1202 1638 habetis
1233 1584 1271 1642 ut
1306 1583 1464 1665 quantum
1488 1581 1521 1641 et
1544 1570 1712 1664 quomodo
1736 1592 1779 1638 ex
1801 1569 1870 1660 ipse
1899 1569 2013 1660 quinte
2049 1593 2111 1662 per

679 1701 798 1792 quovis
821 1701 956 1770 modum
980 1699 1111 1770 vincere
1134 1701 1335 1791 potuerimus
1357 1721 1417 1767 nos
1441 1709 1497 1766 aut
1520 1699 1655 1790 posteris
1679 1697 1798 1767 nostris
1823 1695 2004 1766 dividamus
2028 1696 2110 1766 iilud

677 1844 738 1915 per
762 1845 820 1892 sex
837 1821 947 1891 uncias
970 1844 1031 1891 nos
1055 1830 1111 1891 aut
1134 1822 1273 1914 posteris
1297 1822 1414 1891 nostris
1429 1822 1482 1892 vel
1510 1821 1693 1891 nominatus
1717 1830 1845 1891 sanctus
1860 1829 1969 1890 noster
1985 1843 2109 1892 mona-

678 1947 796 2017 sterius
819 1945 930 2016 uncias
954 1968 1024 2016 sex.
1050 1953 1083 2016 et
1106 1967 1165 2015 vos
1182 1955 1239 2014 aut
1255 1945 1392 2038 posteris
1415 1945 1530 2016 vestris
1550 1946 1605 2016 vel
1626 1957 1755 2016 sanetus
1770 1957 1877 2016 vester
1893 1949 2110 2018 monasterius

679 2073 830 2142 similiter
852 2073 964 2142 uncias
988 2095 1068 2144 sex:
1091 2072 1321 2143 Verumtamen
1346 2072 1434 2141 stetit
1456 2071 1540 2142 inter
1563 2070 1656 2141 nobis
1681 2081 1718 2140 ut
1742 2082 1900 2164 quantum
1925 2073 1966 2142 de
1990 2073 2108 2142 norni-

679 2211 754 2268 nnte
782 2200 959 2301 substantia
984 2197 1143 2268 nominati
1181 2196 1304 2268 domini
1338 2195 1488 2266 iohannis
1520 2197 1744 2268 lociservetori
1781 2197 1848 2266 iem
1883 2201 2109 2271 venundatum

677 2325 884 2398 habetisvos
908 2335 964 2398 eut
987 2327 1172 2397 nominatus
1195 2334 1302 2396 vester
1325 2323 1540 2394 monasterius
1565 2325 1651 2395 unde
1675 2324 1796 2396 solidos
1826 2323 1913 2416 apud
1941 2325 2109 2396 nominato

678 2463 788 2521 sancto
812 2460 921 2524 vestro
944 2455 1141 2523 monasterio
1164 2453 1285 2544 recepti
1309 2460 1395 2520 sunt.
1420 2460 1458 2519 ut
1485 2451 1609 2521 nullam
1638 2461 1763 2543 partem
1791 2472 1851 2520 nos
1879 2461 1936 2521 aut
1971 2455 2107 2544 posteris

675 2579 795 2648 nostris
818 2582 871 2651 vel
896 2580 1083 2651 nominatus
1105 2589 1234 2650 sanctus
1257 2587 1367 2649 noster
1390 2578 1616 2650 monasterius.
1645 2577 1739 2650 vobis
1763 2577 1963 2672 posterisque
1992 2581 2107 2651 vestris

677 2707 791 2776 autin
814 2706 983 2778 nominato
1006 2713 1117 2779 sancto
1141 2714 1250 2777 vestro
1274 2705 1470 2777 monasterio
1505 2729 1642 2799 querere
1665 2705 1829 2774 licentiam
1852 2704 2027 2776 babeamus
2049 2730 2108 2799 per

676 2834 804 2906 nullum
827 2837 961 2906 modum
988 2860 1049 2908 nec
1077 2859 1135 2932 per
1162 2833 1340 2906 summissis
1363 2833 1509 2926 personis
1549 2832 1817 2926 imperpetuum:
1851 2833 1997 2904 chartule
2029 2857 2108 2905 vero

676 2961 854 3032 offertionis
877 2971 997 3054 quante
1021 2963 1062 3032 de
1098 2963 1261 3032 nominate
1296 2940 1474 3030 substantie
1506 2961 1590 3029 facte
1624 2967 1699 3028 sunt
1730 2959 1765 3028 in
1795 2959 1963 3028 nominato
1996 2971 2108 3029 sancto

675 3098 785 3159 vestro
808 3091 1005 3160 monasterio
1029 3092 1115 3184 apud
1139 3113 1197 3160 vos
1222 3088 1293 3158 illes
1316 3087 1454 3158 habetis.
1481 3096 1514 3158 et
1538 3109 1598 3156 nos
1622 3088 1707 3180 apud
1731 3109 1790 3156 nos
1811 3085 1966 3154 hebemus
1990 3087 2110 3154 nomi-

675 3225 789 3286 natum
812 3225 1040 3286 testamentum
1065 3226 1098 3288 et
1122 3215 1275 3286 iamdicta
1299 3216 1462 3285 cessione:
1489 3221 1527 3283 ut
1550 3213 1640 3284 omni
1664 3223 1810 3306 tempore
1832 3233 1892 3282 nos
1917 3220 1950 3280 et
1968 3213 2108 3305 posteris

675 3341 794 3409 nostris
819 3349 851 3410 et
874 3363 934 3410 vos
959 3351 992 3412 et
1014 3341 1152 3434 posteris
1175 3342 1291 3412 vestris
1308 3341 1505 3434 quandoque
1528 3362 1673 3410 necesses
1697 3339 1797 3411 fuerit
1812 3339 1897 3411 inter
1913 3348 2021 3430 partes
2036 3338 2107 3407 illas

674 3464 866 3536 hostendere
890 3466 1063 3535 debeamus
1086 3487 1147 3558 pro
1171 3488 1344 3536 commune
1368 3465 1544 3536 salvatione
1568 3465 1692 3534 nuliam
1708 3465 1792 3534 inter
1815 3475 1923 3557 partes
1942 3463 2105 3535 mittentes

675 3587 890 3659 occasionem:
909 3587 996 3677 Quia
1020 3588 1065 3656 ita
1089 3588 1174 3659 inter
1197 3587 1291 3657 nobis
1307 3587 1484 3657 combenit:
1507 3587 1542 3654 Si
1559 3598 1667 3654 autern
1684 3609 1743 3652 nos
1760 3596 1816 3654 aut
1831 3586 1969 3678 posteris
1989 3587 2106 3656 nostris

673 3712 727 3785 vel
760 3712 945 3781 nominatus
980 3719 1107 3780 sanetus
1142 3721 1252 3782 noster
1286 3706 1499 3779 monasterius
1535 3705 1654 3799 quovis
1688 3715 1835 3798 tempore
1869 3718 1983 3777 contra
2022 3707 2105 3778 hanc

672 3837 854 3908 chartulam
877 3834 1110 3906 combenientie
1134 3833 1314 3904 securitatis
1337 3843 1374 3903 ut
1405 3855 1503 3926 super
1538 3831 1659 3923 legitur
1690 3832 1803 3903 venire
1833 3833 2105 3924 presumserimus

673 3973 707 4032 et
729 3962 864 4033 minime
888 3957 1171 4054 adimpleverimus
1204 3955 1265 4026 hee
1289 3955 1398 4030 omnia
1433 3953 1598 4028 nominate
1622 3977 1681 4047 per
1705 3954 1852 4048 quolibet
1884 3957 2018 4028 modum
2049 3969 2104 4026 aut

672 4089 850 4159 summissis
873 4109 1013 4181 persona
1036 4094 1115 4155 tune
1138 4084 1362 4176 componimus
1386 4081 1479 4153 vobis
1503 4083 1706 4176 posterisque
1738 4083 1854 4154 vestris
1888 4082 1940 4154 vel
1967 4083 2003 4152 in
2036 4105 2104 4153 no-

672 4214 796 4283 minato
828 4221 939 4280 sancto
971 4226 1081 4280 vestro
1113 4211 1310 4281 monasterio
1346 4210 1419 4280 euri
1454 4208 1575 4278 solidos
1600 4207 1731 4300 triginta
1755 4232 1813 4282 sex
1842 4208 2035 4303 bytianteos.
2070 4217 2103 4278 et

672 4341 733 4411 hee
757 4339 904 4409 chartula
928 4337 1162 4408 combenientie
1186 4336 1365 4408 securitatis
1397 4345 1434 4405 ut
1465 4358 1563 4429 super
1596 4337 1716 4428 legitur
1750 4339 1792 4408 sit
1827 4337 1950 4408 firmo:
1985 4337 2102 4428 scripta

672 4489 730 4558 per
753 4487 867 4536 manus
891 4465 1010 4534 andrea
1033 4462 1164 4534 curialis
1188 4471 1221 4533 et
1243 4459 1432 4532 scriniarius
1456 4482 1515 4554 per
1538 4461 1702 4533 nominata
1727 4461 1944 4556 undecima†

768 4588 799 4684 †
824 4591 955 4684 Sergius
978 4590 1076 4662 abbas
1100 4587 1316 4684 subscripsi†

675 4755 680 4764 ·
767 4715 873 4810 †leo
898 4715 1056 4810 presbiter
1081 4711 1300 4808 subscripsi†

765 4847 797 4940 †
818 4846 977 4918 lohannes
1001 4844 1161 4938 presbiter
1184 4839 1400 4936 subscripsi†

764 4973 794 5070 ρ
818 4973 974 5050 lohannes
998 4973 1175 5048 monachus
1199 4971 1419 5072 subscripsi†
