4658 6508
1320 605 1443 696 (aa)

677 767 780 833 manis
797 787 901 856 neque
918 787 936 830 a
952 763 1069 831 nostris
1092 762 1263 832 heredibus
1280 785 1384 853 neque
1401 785 1419 828 a
1436 759 1528 828 nobis
1546 760 1690 851 personis
1714 761 1883 829 sumissam
1899 759 1991 828 nullo
2016 769 2105 828 tem-

677 910 756 977 pore
780 907 958 978 numquam
983 885 1099 954 exinde
1125 886 1165 954 de
1189 883 1359 954 memorati
1383 883 1466 976 passi
1492 905 1575 976 quos
1598 883 1658 950 tibi
1682 905 1768 951 nunc
1791 884 1964 952 refusimus
1989 882 2108 952 habeas

679 1025 713 1079 tu
738 1017 935 1080 memoratus
960 1008 1111 1078 dominus
1135 1009 1279 1078 marinus
1304 1008 1470 1077 exadellus
1495 1029 1667 1099 germanus
1684 1015 1792 1076 noster
1815 1007 1868 1076 vel
1885 1007 2019 1077 heredes
2043 1009 2111 1076 tuis

678 1154 883 1224 quacumque
907 1129 1152 1224 requisitionem
1177 1141 1233 1200 aut
1256 1128 1420 1199 calumnia
1444 1153 1463 1198 a
1486 1151 1572 1200 nunc
1597 1141 1629 1202 et
1661 1131 1695 1199 in
1726 1130 1916 1223 perpetuis:
1945 1131 2109 1222 tempori-

678 1257 766 1324 bus:
801 1257 933 1346 insuper
962 1261 1036 1324 nos'
1058 1253 1244 1326 memoratis
1269 1254 1429 1347 germanis
1454 1263 1485 1324 et
1513 1255 1648 1326 heredes
1679 1255 1799 1323 nostris
1832 1255 1891 1324 tibi
1925 1270 2108 1325 memorato

681 1384 815 1452 domiuo
846 1383 973 1451 marino
989 1381 1085 1452 militi
1101 1383 1229 1474 tuisque
1246 1381 1419 1453 heredibus
1434 1403 1546 1453 omnes
1562 1391 1726 1452 consortes
1743 1395 1870 1452 nostros
1887 1384 2024 1474 desuper
2041 1385 2111 1452 tol-

679 1512 746 1580 lere
773 1510 1020 1602 promittimus:
1048 1519 1084 1578 ut
1107 1509 1193 1580 inter
1216 1509 1309 1578 nobis
1347 1509 1538 1580 combenit:
1579 1511 1668 1603 quod
1699 1509 1726 1577 si
1756 1509 1849 1580 aliter
1873 1512 2044 1601 proveneri
2069 1512 2110 1580 de

679 1633 730 1701 his
755 1632 906 1702 omnibus
940 1633 1128 1703 memoratis
1161 1642 1193 1702 et
1226 1632 1260 1700 in
1285 1632 1401 1724 aliquit
1424 1632 1652 1702 offenderimus
1684 1643 1716 1700 et
1744 1632 1879 1702 minime
1904 1633 2111 1725 adimpleve-

679 1757 782 1826 rimus
807 1761 914 1832 omnia
949 1768 1129 1828 memorata
1160 1780 1218 1850 per
1242 1757 1358 1851 quobis
1383 1759 1517 1828 modum
1542 1769 1598 1826 aut
1622 1758 1791 1828 sumissam
1821 1781 2003 1850 personam.
2031 1771 2108 1830 tunc

680 1887 906 1977 componimus
930 1908 988 1955 nos
1012 1886 1200 1962 memoratis
1223 1883 1386 1977 germanis
1402 1893 1434 1955 et
1447 1885 1581 1955 heredes
1604 1885 1735 1958 nostris.
1759 1884 1818 1954 tibi
1834 1897 2014 1956 memorato
2031 1911 2110 1956 ma-

680 2013 753 2079 rino
769 2011 866 2080 militi
879 2011 1008 2102 tuisque
1033 2009 1206 2084 heredibus
1230 2010 1302 2079 auri
1325 2009 1446 2078 solidos
1465 2010 1580 2100 viginti
1604 2010 1796 2103 bytianteos:
1823 2021 1854 2082 et
1878 2013 1938 2083 bec
1962 2012 2106 2084 chartula

679 2139 720 2207 sit
744 2141 901 2208 firmam:
928 2135 1045 2228 scripta
1069 2160 1128 2228 per
1151 2117 1265 2212 manus
1289 2137 1382 2206 leone
1406 2135 1521 2205 curiali
1554 2137 1694 2207 seribere
1722 2139 1910 2228 rogavimus
1941 2162 2000 2232 per
2033 2163 2108 2211 me-

680 2277 805 2332 morata
830 2281 914 2332 noua
938 2263 1125 2334 indictione.

776 2394 839 2462 hoc
875 2394 1005 2482 signum
1043 2413 1158 2460 manus
1189 2405 1368 2462 memorate
1384 2391 1757 2485 theodonandeuboueste
1780 2394 1899 2464 femine
1922 2418 1997 2464 cum
2024 2421 2109 2466 con-

681 2541 810 2589 sensum
825 2517 997 2587 memorati
1021 2517 1084 2586 viri
1108 2517 1158 2586 sui
1175 2518 1234 2610 qui
1256 2519 1365 2588 omnia
1382 2530 1558 2588 memorata
1575 2521 1720 2590 consensi
1744 2543 1806 2611 ego
1830 2522 1890 2613 qni
1913 2537 2108 2595 memoratos

677 2650 744 2718 hab
769 2673 806 2717 ea
830 2648 956 2737 rogitus
979 2667 1041 2736 pro
1064 2670 1100 2714 ca
1123 2644 1298 2736 subscripsi
1322 2642 1353 2735 †
1378 2693 1579 2716 .........
1588 2647 1749 2718 similiter.

776 2771 899 2864 †Epo
922 2795 1039 2839 ιοαννεσ
1063 2777 1195 2854 belioco
1219 2759 1253 2837 dr
1289 2799 1383 2867 verpa
1421 2798 1587 2866 ρογατουσ
1623 2805 1647 2845 α
1683 2801 1762 2846 orto
1798 2803 1986 2872 γερμαουνισ
2020 2803 2109 2855 resae

683 2879 816 2990 ooob†

773 3023 896 3117 †sg0
920 3025 1074 3094 iohannes
1098 3022 1184 3093 filius
1207 3025 1332 3095 domini
1357 3025 1491 3095 anastasi
1499 3074 1629 3093 ......
1735 3025 1893 3094 similiter.

774 3147 804 3240 †
829 3149 898 3239 Ego
922 3147 1078 3220 iohannes
1102 3148 1187 3220 tilius
1211 3151 1336 3220 domini
1359 3151 1445 3241 sergi
1466 3199 1619 3219 .......
1652 3152 1712 3220 alia
1737 3174 1865 3221 manus.

775 3268 806 3361 †
829 3271 901 3359 Ego
925 3268 999 3337 leon
1022 3269 1152 3339 curialis
1176 3271 1233 3363 qui
1257 3280 1454 3340 memoratos
1477 3280 1550 3360 post
1573 3270 1840 3361 subscriptionem
1856 3272 1986 3342 testium
2010 3293 2108 3340 com-

680 3401 766 3493 pleri
791 3411 823 3469 et
847 3395 970 3465 absolvi
995 3397 1046 3468 die
1071 3407 1103 3465 et
1127 3397 1302 3469 indictione
1326 3405 1504 3467 memorata
1529 3417 1613 3467 nona
1638 3391 1676 3486 †.

676 4619 881 4688 nuncupatum
902 4605 987 4666 tuisse
1008 4627 1139 4686 passum
1160 4605 1198 4667 cle
1221 4622 1308 4668 curte
1329 4607 1452 4669 ostendit
1474 4624 1557 4671 vetus
1580 4611 1771 4685 membrana,
1793 4629 1885 4690 quam
1908 4611 1938 4667 in
1963 4607 2101 4670 disserta-

676 4720 752 4778 tione
780 4717 820 4776 V.
848 4717 885 4779 de
907 4715 1040 4780 Ecclesia
1066 4731 1096 4778 et
1118 4715 1271 4800 Episcopis
1298 4718 1432 4778 stabiauis
1455 4717 1548 4778 edidit
1569 4721 1700 4782 Thomas
1724 4718 1868 4780 Milautes.
1893 4718 2000 4780 Adhuc
2030 4739 2102 4778 vero

675 4845 755 4890 extat
773 4833 804 4890 in
824 4853 883 4891 uno
903 4855 919 4893 e
940 4829 1125 4894 Catbedralis
1145 4829 1294 4892 Ecclesiae
1315 4829 1518 4912 neapolitanae
1539 4831 1697 4912 parietibus
1709 4830 1833 4905 stertens
1847 4851 1987 4911 passus,
2020 4827 2101 4888 haud

677 4963 744 5003 sane
764 4943 979 5025 aspernandum
1000 4943 1114 5009 dissitae
1135 4944 1315 5025 antiquitatis
1336 4955 1570 5006 monumentum.
