4692 6512
1320 629 1331 724 (
1361 639 1425 699 126
1450 629 1462 722 )

680 789 740 860 bus
757 791 838 860 nihil
861 788 954 858 nobis
977 786 1096 858 exinde
1120 784 1255 879 aliquod
1272 783 1427 854 remansit
1451 782 1588 854 habente
1606 780 1678 852 nnis
1704 780 1745 850 ab
1762 801 1830 851 uno
1852 780 1953 852 latere
1970 781 2108 854 domum

678 913 810 985 ecclesie
832 910 934 981 sancti
951 908 1040 1003 pauli
1063 907 1161 978 sicuti
1184 907 1270 980 inter
1293 931 1327 982 se
1352 907 1472 980 exfiaat
1495 905 1602 998 paries
1628 915 1661 976 et
1684 907 1724 976 de
1748 927 1817 974 uno
1840 905 1946 998 capite
1971 930 1990 976 a
2016 918 2108 1001 parte

678 1039 853 1109 occidentis
870 1036 1002 1108 coheret
1017 1035 1154 1108 domum
1178 1033 1321 1130 campuli
1344 1034 1440 1106 sicuti
1463 1035 1549 1106 inter
1572 1057 1606 1104 se
1631 1032 1738 1126 paries
1755 1033 1900 1104 exfinat:
1927 1043 1960 1104 et
1983 1059 2027 1105 ex
2043 1039 2107 1108 alio

676 1169 776 1238 latere
799 1165 932 1238 coheret
955 1165 1092 1238 domum
1114 1165 1184 1236 ursi
1221 1163 1368 1236 laborani
1392 1175 1425 1234 et
1449 1165 1489 1236 de
1513 1164 1650 1258 quidem
1682 1163 1815 1236 eufimia
1843 1164 1957 1234 conius
1981 1165 2051 1238 eius
2074 1181 2109 1240 et

679 1321 721 1368 ex
745 1297 810 1368 alio
844 1297 949 1390 capite
978 1303 1117 1390 aparte
1153 1292 1287 1366 orientis
1320 1289 1453 1366 coherct
1487 1290 1672 1362 nominatus
1710 1291 1804 1361 bicus
1837 1289 1987 1384 publicus
2022 1297 2108 1368 uude

680 1424 803 1498 ibidem
825 1447 885 1517 per
908 1424 974 1494 iam
997 1424 1082 1496 dicta
1105 1423 1197 1515 regia
1221 1445 1359 1495 comune
1384 1419 1556 1492 introitum
1571 1419 1693 1491 haltere
1723 1418 1866 1491 debeatis
1887 1429 1925 1490 tu
1940 1421 2107 1492 nominato

679 1549 815 1620 domino
838 1547 978 1618 iohanne
1001 1557 1035 1619 et
1073 1545 1139 1616 tuis
1163 1546 1338 1617 heredibus
1370 1547 1534 1641 simulque
1567 1557 1601 1618 et
1635 1544 1803 1616 nominato
1838 1565 1918 1614 urso
1954 1544 2109 1617 leborano

678 1683 712 1744 et
738 1674 904 1744 nominata
928 1673 1058 1746 eufimia
1083 1674 1205 1744 coniux
1229 1672 1300 1744 eius
1328 1683 1360 1744 et
1387 1695 1524 1744 suorum
1552 1671 1728 1744 heredibus
1750 1683 1784 1743 et
1815 1695 1857 1742 av
1889 1669 2022 1743 odierna
2053 1675 2108 1745 die

677 1813 711 1873 et
734 1805 884 1894 deinceps
910 1805 1136 1894 prenominata
1163 1803 1328 1872 nominata
1356 1803 1537 1873 domucella
1565 1813 1675 1873 nostra
1698 1802 1826 1894 integra
1852 1801 1943 1894 quod
1968 1809 2017 1870 est
2048 1801 2110 1870 in-

676 1925 795 1996 feriora
823 1945 900 1995 oum
925 1921 1094 2016 superiora
1122 1933 1260 1994 etcum
1288 1925 1399 2016 tigulis
1431 1937 1623 2018 coopertum
1653 1945 1819 2018 quamque
1852 1943 1930 1994 cum
1956 1923 2108 1998 uberibus

677 2059 710 2120 et
735 2047 916 2142 aspectibus
942 2057 976 2120 et
1002 2069 1080 2117 cum
1110 2045 1283 2118 introitum
1326 2069 1424 2117 suum
1450 2071 1510 2138 per
1537 2046 1729 2118 iamdictam
1754 2046 1865 2116 vicum
1885 2045 2056 2136 publicum
2076 2063 2108 2120 ct

676 2196 735 2265 per
761 2171 926 2241 nominata
964 2170 1056 2262 regia
1084 2193 1225 2238 wmune
1252 2177 1286 2238 et
1317 2168 1471 2236 omnibus
1495 2169 1559 2236 sivi
1592 2167 1829 2259 pertinentibus
1860 2170 1900 2240 de
1928 2193 1995 2263 qua
2026 2171 2108 2244 nihil

676 2298 769 2370 nobis
794 2297 912 2370 exinde
937 2297 1071 2393 aliquod
1098 2295 1254 2368 remansit
1282 2305 1340 2366 aut
1367 2294 1606 2366 reservavimus
1634 2318 1694 2364 nec
1721 2293 1756 2364 in
1781 2293 1920 2366 alienam
1949 2298 2107 2395 cuiusque

675 2446 847 2518 personam
873 2425 963 2520 quod
991 2422 1075 2494 absit
1102 2420 1343 2492 commissimus
1363 2427 1420 2490 aut
1447 2418 1513 2488 iam
1536 2416 1776 2488 commictimus
1802 2430 1962 2512 potestate
1978 2424 2106 2507 Quate-

675 2575 738 2623 nus
764 2563 798 2623 et
824 2574 884 2646 per
911 2551 1091 2622 nominatas
1112 2548 1315 2620 coherentias
1342 2546 1403 2618 tivi
1430 2570 1484 2618 aas
1506 2545 1742 2616 insinuavimus
1767 2544 1852 2618 sicut
1875 2549 2023 2642 superius
2052 2552 2108 2624 le-

676 2678 765 2772 gitur
786 2676 920 2748 anobis
945 2675 1006 2746 tivi
1025 2673 1068 2744 sit
1094 2675 1318 2744 venundatum
1340 2683 1373 2743 et
1392 2672 1547 2743 traditum
1562 2671 1597 2742 in
1625 2681 1682 2744 tua
1705 2671 1835 2768 tuisque
1852 2673 2024 2746 heredibus
2040 2677 2107 2746 sint

674 2813 866 2896 potestatem
889 2801 1051 2899 quidquid
1074 2800 1193 2873 exinde
1216 2801 1322 2874 iacere
1345 2800 1555 2895 iudicareque
1579 2799 1720 2873 voluerit
1736 2823 1778 2872 av
1793 2800 1929 2872 odierna
1944 2803 1997 2876 die
2014 2827 2106 2874 sem-

675 2949 735 3020 per
758 2925 896 2999 liberam
918 2922 1063 2996 habeatis
1086 2931 1303 3015 potestatem:
1330 2935 1363 2993 et
1386 2945 1494 3018 neque
1517 2948 1537 2992 a
1561 2923 1655 2994 nobis
1677 2924 1846 2996 nominato
1867 2925 2009 3000 iohanne
2038 2929 2105 3000 filio

672 3055 807 3150 quidem
840 3053 1000 3126 nominati
1030 3051 1101 3146 lupi
1131 3075 1196 3122 una
1220 3072 1298 3122 cum
1321 3071 1480 3122 consensu
1503 3052 1663 3124 nominati
1691 3055 1835 3148 gregorii
1866 3067 1899 3128 et
1931 3057 2020 3129 leoni
2045 3082 2106 3131 seu

672 3182 832 3252 nominati
858 3180 1007 3274 stephani
1030 3179 1106 3250 filiis
1123 3179 1204 3250 meis
1228 3201 1289 3248 neo
1313 3203 1332 3246 a
1353 3178 1472 3248 nostris
1488 3178 1663 3250 heredibus
1680 3204 1788 3275 neque
1814 3182 1942 3257 anobis
1957 3187 2105 3277 personis

672 3308 852 3379 summissis
876 3309 969 3376 nullo
993 3315 1139 3397 tempore
1163 3328 1346 3399 numquam
1368 3318 1406 3376 tu
1429 3309 1598 3379 nominato
1635 3313 1770 3383 domino
1808 3313 1950 3388 iohanne
1975 3329 2104 3412 emptor

672 3457 733 3504 nec
756 3431 892 3504 heredes
915 3429 980 3500 tuis
1003 3431 1095 3524 quod
1118 3429 1202 3499 absit
1226 3429 1347 3503 abeatis
1370 3430 1489 3505 exinde
1514 3433 1688 3530 aliquando
1717 3447 1864 3532 tempore
1896 3464 2102 3538 quacumque

672 3558 924 3656 requesitionem
948 3565 1005 3628 aut
1027 3557 1211 3629 molestiam
1235 3584 1255 3629 a
1278 3582 1366 3630 nunc
1390 3570 1424 3633 et
1446 3561 1482 3632 in
1505 3575 1699 3658 perpetuum
1723 3589 1761 3638 ac
1793 3570 1943 3662 perennis
1969 3579 2103 3667 tempo-

671 3684 785 3756 ribus:
811 3683 944 3779 insuper
967 3693 1000 3759 et
1017 3685 1058 3757 ab
1074 3685 1164 3758 omni
1187 3686 1321 3759 homine
1345 3689 1501 3784 omnique
1526 3715 1664 3784 persona
1683 3692 1798 3765 homni
1820 3706 1968 3790 tempore
1984 3723 2041 3770 nos
2066 3713 2100 3772 et

670 3812 805 3884 herodas
837 3814 957 3885 nostris
988 3813 1049 3886 tivi
1084 3815 1216 3910 tuisque
1251 3814 1425 3888 heredibus
1449 3817 1510 3888 hec
1538 3819 1690 3892 omuibus
1724 3821 1899 3896 nominatis
1927 3851 2009 3921 quaa
2042 3829 2100 3900 tivi

675 4187 781 4254 brem
802 4207 900 4266 quara
921 4187 1013 4247 haud
1029 4191 1111 4262 acio,
1132 4188 1270 4268 anquis
1291 4187 1423 4247 naellam
1442 4189 1667 4268 espmnaserit,
1686 4185 1907 4261 nisisateatur
1918 4231 1928 4264 ,
1946 4186 2018 4248 ideo
2038 4189 2098 4250 hoo

663 4297 851 4376 ponaen'um
872 4300 917 4357 ita
938 4300 1136 4379 appellitcri,
1158 4301 1245 4379 quod
1254 4301 1407 4378 fretn'uci
1425 4300 1532 4380 ἄγαμοι
1543 4344 1556 4373 ,
1575 4312 1606 4360 et
1624 4300 1815 4380 virginium
1827 4311 1971 4364 antam
1983 4313 2096 4364 temac-

673 4406 741 4466 n'nt
757 4409 829 4466 Deo
850 4409 992 4468 Eunosto
1012 4407 1137 4468 bberitte
1155 4429 1247 4469 soem
1260 4409 1435 4490 peracturi.
1456 4411 1502 4470 lta
1522 4429 1592 4471 sane
1607 4429 1667 4471 sese
1687 4429 1752 4472 rem
1771 4410 1936 4480 habuisse,
1959 4423 1994 4470 ut
2015 4409 2096 4472 divi-

673 4535 748 4577 nare
770 4531 897 4578 conatus
918 4515 978 4578 suit
998 4517 1224 4596 Martorellius,
1248 4519 1321 4579 dein
1338 4519 1523 4601 patefactum
1537 4535 1581 4582 eet
1600 4518 1845 4582 luculentissimo
1858 4523 2029 4584 testimonio
2040 4521 2095 4583 lit-

669 4623 759 4685 terati
779 4622 892 4707 lapidis
910 4625 942 4685 iu
960 4627 1069 4689 eodem
1089 4628 1156 4689 vieo
1176 4649 1260 4690 anno
1283 4627 1481 4710 179oeff0ssi.
1497 4628 1614 4690 Verum
1633 4631 1773 4694 Nicolaua
1792 4635 1914 4716 lguarra
1926 4631 1940 4716 (
1953 4637 2095 4696 Densa·

661 4733 752 4810 potia
772 4729 871 4805 fratr.
902 4755 972 4815 cap.
1001 4737 1098 4817 ln),
1131 4737 1313 4800 Martorellii
1340 4739 1507 4802 sententiae
1527 4739 1707 4804 adversatur
1727 4744 1802 4804 inibi
1824 4765 1886 4805 non
1907 4742 2094 4806 Eunostidu

666 4845 839 4918 habitarae,
868 4846 921 4907 aed
950 4848 1062 4908 horum
1082 4849 1310 4934 sepulchrorum
1334 4852 1485 4928 extitisse,
1520 4874 1557 4916 ac
1576 4855 1755 4914 suburbium
1779 4855 1974 4938 appellatum
2002 4857 2091 4920 luisse

669 4957 776 5032 Borgo
797 4954 987 5036 de'Vergini
1005 4978 1023 5018 a
1042 4959 1123 5023 Diva
1142 4960 1242 5022 Maria
1262 4961 1380 5042 Regina
1400 4960 1563 5043 Virginem
1585 4963 1748 5027 contendit
