4658 6508
910 596 1032 694 (a)

937 884 1010 962 liii.

346 1143 384 1216 In
409 1145 539 1216 nomine
566 1144 692 1215 domini
717 1143 770 1214 dei
795 1145 965 1214 salvatoris
988 1142 1091 1214 nostri
1115 1143 1211 1214 ihesu
1228 1144 1340 1213 christi
1357 1145 1537 1236 imperante
1554 1143 1687 1213 domino
1758 1161 1809 1208 an.

251 1279 363 1341 nostro
386 1274 597 1342 Comtantiuo
623 1293 742 1364 magno
769 1271 977 1364 Imperatore
1002 1293 1088 1341 anno
1111 1269 1327 1340 nonodecimo
1361 1272 1417 1342 sed
1440 1279 1473 1341 et
1495 1291 1632 1340 romarm
1655 1281 1688 1340 et
1747 1274 1827 1337 927.

251 1395 444 1467 christoforo
468 1398 537 1468 eius
562 1398 631 1468 lilio
658 1398 786 1490 magnis
810 1397 1063 1490 lmperatoribus
1086 1420 1171 1467 anno
1188 1407 1303 1468 sexto:
1330 1395 1383 1467 die
1407 1397 1545 1467 secunda
1569 1397 1687 1466 mensis

254 1521 364 1590 martii
388 1521 566 1591 indictione
591 1520 830 1614 quintadecima
853 1520 981 1614 neapoli
996 1521 1130 1592 Certum
1146 1531 1195 1592 est
1217 1541 1271 1590 me
1287 1537 1418 1614 petrum
1434 1520 1534 1591 umiie
1556 1521 1688 1614 presbi-

251 1655 357 1715 terum
381 1643 486 1714 filium
511 1643 646 1738 quidam
673 1645 836 1717 marenaci
859 1671 878 1715 a
902 1645 1044 1738 presenti
1066 1645 1118 1716 die
1142 1644 1298 1739 promitto
1321 1644 1416 1716 robis
1439 1644 1572 1731 domino
1587 1667 1686 1716 scau-

254 1775 343 1839 racio
367 1770 544 1842 venerabili
567 1771 695 1842 medico
720 1773 788 1843 filio
811 1772 945 1868 quidam
968 1772 1094 1846 domiui
1116 1771 1261 1866 gregorii
1284 1780 1318 1842 et
1340 1773 1476 1842 drosum
1509 1795 1567 1842 seu
1590 1795 1686 1841 maru

252 1919 420 1988 germanas
444 1899 524 1970 filias
547 1901 681 1994 quidam
704 1900 812 1972 basilii
835 1911 869 1972 et
891 1902 994 1970 maria
1009 1901 1074 1971 iilia
1091 1901 1226 1994 quddam
1249 1899 1391 1993 caupuli:
1417 1899 1528 1968 relicta
1552 1900 1686 1992 quidam

252 2024 396 2116 gregorii
418 2023 482 2093 hoo
524 2033 573 2096 est
607 2024 760 2095 exadeliis
783 2047 841 2094 seu
863 2024 948 2094 thius
970 2034 1004 2095 et
1026 2033 1188 2116 nepotes:
1230 2033 1361 2116 propter
1388 2023 1515 2114 integra
1552 2023 1686 2093 ecclesia

252 2159 358 2217 restra
383 2147 543 2218 vocabulo
566 2148 653 2218 beati
676 2146 818 2218 Ianuarii
835 2148 886 2242 (1)
904 2146 1080 2219 sacerdotis
1103 2156 1137 2218 et
1152 2146 1295 2216 martiris
1310 2147 1484 2217 constituta
1499 2147 1586 2216 intus
1601 2148 1684 2218 hanc

251 2273 418 2343 civitatem
440 2271 586 2365 neapolis
611 2271 697 2342 inter
721 2272 826 2366 platea
850 2295 915 2366 que
939 2272 1121 2365 appellatur
1142 2282 1212 2344 trea
1235 2274 1301 2342 iata
1325 2282 1358 2344 et
1381 2272 1467 2342 inter
1489 2272 1601 2342 vicum
1625 2273 1685 2368 qui

253 2411 390 2469 vocatur
414 2399 586 2471 duodecim
621 2409 718 2491 putea
754 2399 887 2491 regione
910 2407 1004 2491 porte
1035 2399 1137 2469 sancti
1161 2399 1324 2470 ianuarii:
1351 2423 1416 2470 uua
1439 2423 1516 2471 cum
1539 2401 1628 2474 cellis
1652 2415 1685 2474 et

252 2527 401 2596 omnibus
435 2525 689 2596 habitationibus
725 2525 795 2597 eius
831 2549 889 2597 seu
924 2526 1077 2598 domibus
1106 2538 1139 2599 et
1162 2551 1240 2600 cum
1263 2529 1417 2602 omnibus
1451 2529 1548 2601 rebus
1579 2529 1682 2622 ipsius

255 2649 387 2722 ecclesie
423 2658 529 2722 vestre
564 2650 605 2720 de
635 2648 722 2720 intus
746 2657 779 2720 et
803 2648 883 2720 ioris
918 2650 987 2722 siva
1019 2675 1085 2745 que
1120 2652 1220 2721 modo
1255 2651 1376 2722 habent
1410 2652 1465 2723 uei
1500 2651 1529 2720 si
1562 2651 1683 2723 ibidem

253 2774 405 2844 oiicrtum
427 2773 526 2843 luerit
549 2798 568 2842 a
592 2772 672 2844 viris
696 2785 729 2845 et
752 2774 944 2846 mulieribus
966 2797 1025 2868 per
1048 2775 1199 2868 quemvis
1218 2776 1355 2848 modum
1371 2774 1543 2844 mobilium
1566 2783 1599 2846 et
1626 2776 1684 2846 iu-

253 2897 425 2967 mobilium
449 2897 666 2992 omnibusque
683 2897 729 2968 eis
745 2897 991 2990 pcrtinentibus.
1018 2900 1105 2971 unde
1129 2899 1190 2970 tibi
1213 2908 1395 2970 memorato
1417 2898 1582 2968 scauracio
1606 2921 1685 2970 me-

254 3026 328 3095 dico
352 3025 493 3119 pertinet
516 3024 628 3096 uncias
656 3047 714 3098 sex
746 3033 779 3096 ct
811 3023 905 3096 vobis
928 3033 1107 3094 memorata
1131 3025 1233 3096 drosu
1256 3041 1290 3096 et
1312 3047 1408 3094 mam
1435 3045 1604 3116 germanas
1627 3048 1686 3096 seu

254 3152 357 3222 maria
380 3151 463 3221 thies
487 3156 520 3221 et
543 3159 660 3241 nepote
683 3149 835 3220 similiter
857 3149 967 3220 uncias
990 3171 1058 3220 sex.
1098 3149 1155 3219 ubi
1177 3150 1314 3222 domino
1337 3151 1468 3222 volente
1490 3172 1544 3221 me
1568 3163 1685 3222 custo-

256 3277 330 3348 dem
354 3275 565 3348 constituistis
603 3275 708 3345 cuntis
731 3275 845 3346 diebus
869 3275 936 3346 vite
962 3297 1035 3348 meo
1058 3301 1097 3346 ea
1127 3277 1279 3348 videlicet
1312 3277 1439 3348 ratione
1469 3288 1549 3348 uta
1580 3276 1683 3348 modo

255 3415 287 3473 et
310 3405 417 3473 cuntis
439 3404 553 3475 diebus
576 3404 643 3474 vite
677 3425 750 3476 mec
788 3403 824 3472 in
855 3410 1034 3474 memorata
1067 3405 1203 3477 ecclesia
1234 3414 1343 3476 vestra
1374 3403 1616 3498 superbabitare
1651 3415 1685 3476 et

255 3531 393 3602 residere
419 3530 575 3624 promitto
599 3541 631 3601 et
654 3533 689 3601 in
712 3531 825 3602 eadem
851 3531 985 3603 ecclesia
1008 3542 1114 3604 vestra
1138 3533 1192 3605 die
1218 3542 1382 3626 noctuque
1406 3531 1551 3602 officium
1574 3555 1683 3605 sacer-

257 3654 395 3726 dotalem
420 3656 524 3728 iaccre
547 3666 581 3726 ct
603 3655 735 3728 exivera
758 3655 915 3748 promitto
938 3657 1002 3728 boc
1025 3666 1074 3727 est
1096 3679 1249 3750 vesperos
1273 3667 1307 3728 et
1328 3657 1506 3728 matutinos
1541 3665 1573 3728 et
1597 3657 1684 3728 mis-

266 3963 472 3976 ψ

341 4169 387 4251 (τ)
409 4173 510 4246 Quam
532 4165 694 4228 ecclesiam
710 4185 849 4248 praeseus
861 4165 1036 4226 membrana
1048 4160 1205 4222 conditam
1226 4159 1319 4223 fuisse
1335 4157 1426 4219 docet
1446 4159 1530 4220 inter
1542 4153 1687 4236 plateam

260 4302 322 4361 que
342 4282 525 4362 appellatur
543 4288 610 4338 trea
633 4278 732 4354 sata,
753 4285 784 4336 et
802 4277 884 4337 mter
905 4275 1016 4334 vicum
1037 4273 1096 4354 qui
1113 4279 1248 4332 vocatur
1275 4267 1441 4330 duodecim
1465 4277 1589 4348 putea,
1621 4284 1688 4326 eam

259 4415 297 4454 ex
318 4389 379 4452 alia
403 4392 476 4451 anni
502 4405 579 4452 1002
599 4388 778 4448 membrana
798 4399 882 4470 patet
900 4387 1033 4448 extitisse
1054 4387 1143 4446 inter
1162 4382 1240 4443 duos
1258 4383 1408 4460 vicoras,
1429 4399 1533 4440 unam
1554 4378 1614 4459 qui
1630 4398 1689 4438 va-

259 4515 352 4564 catur
364 4501 557 4576 iudeorum,
579 4501 685 4560 adum
706 4499 767 4578 qui
783 4507 916 4559 oocamr
932 4498 993 4556 trra
1002 4496 1098 4573 flata,
1119 4497 1180 4576 qui
1198 4505 1229 4555 et
1247 4494 1385 4555 cartorio
1405 4489 1542 4564 dicim,
1564 4487 1688 4566 regione

258 4628 349 4698 porte
370 4621 403 4676 S.
427 4615 588 4680 Ianuarii.
611 4614 694 4674 iiiuc
713 4613 832 4674 eruitur
852 4611 986 4674 duarum
1006 4607 1221 4691 neapolitanae
1241 4607 1323 4668 urbis
1335 4607 1485 4682 uiarum,
1507 4619 1586 4686 quae
1606 4597 1688 4660 dao-

263 4731 365 4790 decim
381 4737 481 4809 putea
501 4741 531 4789 et
551 4727 614 4788 tria
623 4723 702 4800 sata
722 4723 796 4785 oiim
816 4723 1059 4796 vocitabantur,
1089 4722 1215 4804 posthac
1235 4719 1365 4800 priorem
1385 4715 1586 4790 Iudeorum,
1611 4710 1690 4772 altc-

265 4862 332 4902 ram
360 4841 543 4904 Carrei-ium
567 4839 658 4900 luisse
685 4848 891 4917 nuncupatas.
923 4831 1083 4894 Praedicta
1111 4851 1185 4892 uero
1206 4827 1391 4892 eccleclesia
1418 4823 1482 4888 alio
1510 4825 1583 4885 anni
1612 4836 1690 4904 ¹094

266 4954 470 5014 instrumento
489 4951 626 5032 primum
648 4947 783 5012 occurrit
802 4956 974 5028 nuncupata
994 4941 1106 5023 Spolia
1126 4941 1232 5004 morti.

1384 5063 1405 5124 6
