<?xml version="1.0" encoding="UTF-8"?>
<!DOCTYPE html PUBLIC "-//W3C//DTD XHTML 1.0 Transitional//EN"
    "http://www.w3.org/TR/xhtml1/DTD/xhtml1-transitional.dtd">
<html xmlns="http://www.w3.org/1999/xhtml" xml:lang="en" lang="en">
 <head>
  <title>
</title>
<meta http-equiv="Content-Type" content="text/html;charset=utf-8" />
  <meta name='ocr-system' content='tesseract 3.04.00' />
  <meta name='ocr-capabilities' content='ocr_page ocr_carea ocr_par ocr_line ocrx_word'/>
</head>
<body>
  <div class='ocr_page' id='page_1' title='image "./monumentaeditaa01napogoog_0022.png"; bbox 0 0 4616 6532; ppageno 0'>
   <div class='ocr_carea' id='block_1_1' title="bbox 634 603 713 665">
    <p class='ocr_par' dir='ltr' id='par_1_1' title="bbox 634 603 713 665">
     <span class='ocr_line' id='line_1_1' title="bbox 634 603 713 665; baseline -0.038 0"><span class='ocrx_word' id='word_1_1' title='bbox 634 603 713 665; x_wconf 74' lang='lat' dir='ltr'>xm</span> 
     </span>
    </p>
   </div>
   <div class='ocr_carea' id='block_1_2' title="bbox 628 740 2070 5020">
    <p class='ocr_par' dir='ltr' id='par_1_2' title="bbox 635 740 2063 1406">
     <span class='ocr_line' id='line_1_2' title="bbox 638 740 2061 856; baseline -0.008 -19"><span class='ocrx_word' id='word_1_2' title='bbox 638 747 785 837; x_wconf 89' lang='lat' dir='ltr'>cendia</span> <span class='ocrx_word' id='word_1_3' title='bbox 815 744 1083 832; x_wconf 88' lang='lat' dir='ltr'>detestantur.</span> <span class='ocrx_word' id='word_1_4' title='bbox 1124 743 1265 846; x_wconf 89' lang='lat' dir='ltr'>Quam</span> <span class='ocrx_word' id='word_1_5' title='bbox 1295 744 1594 828; x_wconf 89' lang='lat' dir='ltr'>sententiarum</span> <span class='ocrx_word' id='word_1_6' title='bbox 1643 740 1967 856; x_wconf 81' lang='lat' dir='ltr'>discrepantiam</span> <span class='ocrx_word' id='word_1_7' title='bbox 2014 764 2061 827; x_wconf 92' lang='lat' dir='ltr'>ut</span> 
     </span>
     <span class='ocr_line' id='line_1_3' title="bbox 635 882 2062 1002; baseline -0.002 -28"><span class='ocrx_word' id='word_1_8' title='bbox 635 917 715 1002; x_wconf 93' lang='lat' dir='ltr'>pro</span> <span class='ocrx_word' id='word_1_9' title='bbox 742 915 792 973; x_wconf 86' lang='lat' dir='ltr'>eo</span> <span class='ocrx_word' id='word_1_10' title='bbox 807 949 821 992; x_wconf 95' lang='lat'>,</span> <span class='ocrx_word' id='word_1_11' title='bbox 855 913 904 972; x_wconf 88' lang='lat' dir='ltr'>ac</span> <span class='ocrx_word' id='word_1_12' title='bbox 930 913 1008 998; x_wconf 86' lang='lat' dir='ltr'>par</span> <span class='ocrx_word' id='word_1_13' title='bbox 1036 911 1307 1000; x_wconf 88' lang='lat' dir='ltr'>aequumque</span> <span class='ocrx_word' id='word_1_14' title='bbox 1335 885 1528 989; x_wconf 85' lang='lat' dir='ltr'>videtur,</span> <span class='ocrx_word' id='word_1_15' title='bbox 1575 882 1898 997; x_wconf 83' lang='lat' dir='ltr'><strong>expendamus,</strong></span> <span class='ocrx_word' id='word_1_16' title='bbox 1944 886 2062 972; x_wconf 88' lang='lat' dir='ltr'>nobis</span> 
     </span>
     <span class='ocr_line' id='line_1_4' title="bbox 637 1027 2063 1145; baseline -0.002 -29"><span class='ocrx_word' id='word_1_17' title='bbox 637 1032 732 1116; x_wconf 87' lang='lat' dir='ltr'>heic</span> <span class='ocrx_word' id='word_1_18' title='bbox 756 1029 1064 1145; x_wconf 80' lang='lat' dir='ltr'>aliquantisper</span> <span class='ocrx_word' id='word_1_19' title='bbox 1091 1028 1336 1114; x_wconf 88' lang='lat' dir='ltr'>eorumdem</span> <span class='ocrx_word' id='word_1_20' title='bbox 1367 1050 1609 1143; x_wconf 89' lang='lat' dir='ltr'>temporum</span> <span class='ocrx_word' id='word_1_21' title='bbox 1652 1031 1901 1115; x_wconf 85' lang='lat' dir='ltr'>memoriam</span> <span class='ocrx_word' id='word_1_22' title='bbox 1945 1027 2063 1115; x_wconf 90' lang='lat' dir='ltr'>evol-</span> 
     </span>
     <span class='ocr_line' id='line_1_5' title="bbox 636 1174 2063 1288; baseline 0.001 -30"><span class='ocrx_word' id='word_1_23' title='bbox 636 1201 734 1260; x_wconf 80' lang='lat' dir='ltr'>vere</span> <span class='ocrx_word' id='word_1_24' title='bbox 762 1175 920 1277; x_wconf 89' lang='lat' dir='ltr'>liceat,</span> <span class='ocrx_word' id='word_1_25' title='bbox 950 1191 998 1257; x_wconf 92' lang='lat' dir='ltr'>ut</span> <span class='ocrx_word' id='word_1_26' title='bbox 1025 1174 1159 1259; x_wconf 88' lang='lat' dir='ltr'>oratio</span> <span class='ocrx_word' id='word_1_27' title='bbox 1188 1191 1324 1261; x_wconf 89' lang='lat' dir='ltr'>nostra</span> <span class='ocrx_word' id='word_1_28' title='bbox 1353 1174 1678 1288; x_wconf 87' lang='lat' dir='ltr'>locupletissimo</span> <span class='ocrx_word' id='word_1_29' title='bbox 1705 1203 1850 1260; x_wconf 88' lang='lat' dir='ltr'>rerum</span> <span class='ocrx_word' id='word_1_30' title='bbox 1878 1177 2063 1260; x_wconf 85' lang='lat' dir='ltr'>testimo-</span> 
     </span>
     <span class='ocr_line' id='line_1_6' title="bbox 639 1319 954 1406; baseline 0 -3"><span class='ocrx_word' id='word_1_31' title='bbox 639 1320 709 1404; x_wconf 90' lang='lat' dir='ltr'>nio</span> <span class='ocrx_word' id='word_1_32' title='bbox 738 1319 954 1406; x_wconf 90' lang='lat' dir='ltr'>innitatur.</span> 
     </span>
    </p>

    <p class='ocr_par' dir='ltr' id='par_1_3' title="bbox 628 1461 2070 5020">
     <span class='ocr_line' id='line_1_7' title="bbox 753 1461 2066 1578; baseline -0.002 -30"><span class='ocrx_word' id='word_1_33' title='bbox 753 1461 967 1548; x_wconf 85' lang='lat' dir='ltr'>Omnibus</span> <span class='ocrx_word' id='word_1_34' title='bbox 1011 1463 1186 1578; x_wconf 89' lang='lat' dir='ltr'>quidem</span> <span class='ocrx_word' id='word_1_35' title='bbox 1229 1463 1426 1548; x_wconf 90' lang='lat' dir='ltr'>humanis</span> <span class='ocrx_word' id='word_1_36' title='bbox 1460 1465 1583 1548; x_wconf 90' lang='lat' dir='ltr'>rebus</span> <span class='ocrx_word' id='word_1_37' title='bbox 1624 1461 1881 1565; x_wconf 84' lang='lat' dir='ltr'>exordium,</span> <span class='ocrx_word' id='word_1_38' title='bbox 1930 1465 2066 1548; x_wconf 90' lang='lat' dir='ltr'>incre·</span> 
     </span>
     <span class='ocr_line' id='line_1_8' title="bbox 641 1602 2064 1718; baseline -0.001 -31"><span class='ocrx_word' id='word_1_39' title='bbox 641 1621 836 1688; x_wconf 90' lang='lat' dir='ltr'>mentum</span> <span class='ocrx_word' id='word_1_40' title='bbox 863 1633 912 1690; x_wconf 88' lang='lat' dir='ltr'>ac</span> <span class='ocrx_word' id='word_1_41' title='bbox 938 1602 1031 1689; x_wconf 86' lang='lat' dir='ltr'>finis</span> <span class='ocrx_word' id='word_1_42' title='bbox 1057 1605 1302 1718; x_wconf 88' lang='lat' dir='ltr'>praestituta</span> <span class='ocrx_word' id='word_1_43' title='bbox 1330 1604 1539 1710; x_wconf 87' lang='lat' dir='ltr'>fuerunt,</span> <span class='ocrx_word' id='word_1_44' title='bbox 1574 1620 1616 1688; x_wconf 91' lang='lat' dir='ltr'>et</span> <span class='ocrx_word' id='word_1_45' title='bbox 1643 1602 1813 1690; x_wconf 88' lang='lat' dir='ltr'>fortasse</span> <span class='ocrx_word' id='word_1_46' title='bbox 1843 1605 1887 1687; x_wconf 87' lang='lat' dir='ltr'>in</span> <span class='ocrx_word' id='word_1_47' title='bbox 1917 1605 2064 1688; x_wconf 88' lang='lat' dir='ltr'>orbem</span> 
     </span>
     <span class='ocr_line' id='line_1_9' title="bbox 641 1744 2064 1860; baseline 0.002 -32"><span class='ocrx_word' id='word_1_48' title='bbox 641 1744 870 1856; x_wconf 89' lang='lat' dir='ltr'>quemdam</span> <span class='ocrx_word' id='word_1_49' title='bbox 888 1749 1000 1859; x_wconf 88' lang='lat' dir='ltr'>ipsae</span> <span class='ocrx_word' id='word_1_50' title='bbox 1014 1775 1088 1860; x_wconf 89' lang='lat' dir='ltr'>per</span> <span class='ocrx_word' id='word_1_51' title='bbox 1106 1745 1459 1831; x_wconf 87' lang='lat' dir='ltr'>innumerabilem</span> <span class='ocrx_word' id='word_1_52' title='bbox 1478 1773 1685 1831; x_wconf 87' lang='lat' dir='ltr'>annorum</span> <span class='ocrx_word' id='word_1_53' title='bbox 1703 1747 1853 1830; x_wconf 87' lang='lat' dir='ltr'>seriem</span> <span class='ocrx_word' id='word_1_54' title='bbox 1882 1765 2064 1856; x_wconf 89' lang='lat' dir='ltr'>aguntur</span> 
     </span>
     <span class='ocr_line' id='line_1_10' title="bbox 641 1885 2061 1999; baseline 0.001 -31"><span class='ocrx_word' id='word_1_55' title='bbox 641 1915 691 1968; x_wconf 90' lang='lat' dir='ltr'>eo</span> <span class='ocrx_word' id='word_1_56' title='bbox 718 1903 860 1970; x_wconf 87' lang='lat' dir='ltr'>tamen</span> <span class='ocrx_word' id='word_1_57' title='bbox 888 1902 1039 1999; x_wconf 91' lang='lat' dir='ltr'>pacto,</span> <span class='ocrx_word' id='word_1_58' title='bbox 1061 1903 1110 1969; x_wconf 92' lang='lat' dir='ltr'>ut</span> <span class='ocrx_word' id='word_1_59' title='bbox 1143 1912 1305 1997; x_wconf 83' lang='lat' dir='ltr'>semper</span> <span class='ocrx_word' id='word_1_60' title='bbox 1333 1885 1524 1970; x_wconf 89' lang='lat' dir='ltr'>homines</span> <span class='ocrx_word' id='word_1_61' title='bbox 1551 1886 1725 1971; x_wconf 87' lang='lat' dir='ltr'>ulterius</span> <span class='ocrx_word' id='word_1_62' title='bbox 1757 1885 2061 1998; x_wconf 85' lang='lat' dir='ltr'>provehantur.</span> 
     </span>
     <span class='ocr_line' id='line_1_11' title="bbox 642 2027 2065 2142; baseline 0.004 -32"><span class='ocrx_word' id='word_1_63' title='bbox 642 2027 787 2130; x_wconf 88' lang='lat' dir='ltr'>Quare</span> <span class='ocrx_word' id='word_1_64' title='bbox 815 2055 913 2113; x_wconf 91' lang='lat' dir='ltr'>cum</span> <span class='ocrx_word' id='word_1_65' title='bbox 933 2030 1224 2113; x_wconf 88' lang='lat' dir='ltr'>Romanorum</span> <span class='ocrx_word' id='word_1_66' title='bbox 1249 2027 1485 2142; x_wconf 89' lang='lat' dir='ltr'>Imperium</span> <span class='ocrx_word' id='word_1_67' title='bbox 1514 2027 1733 2115; x_wconf 90' lang='lat' dir='ltr'>editiorem</span> <span class='ocrx_word' id='word_1_68' title='bbox 1760 2030 2065 2116; x_wconf 79' lang='lat' dir='ltr'>sublimitatem</span> 
     </span>
     <span class='ocr_line' id='line_1_12' title="bbox 642 2171 2065 2292; baseline 0.002 -37"><span class='ocrx_word' id='word_1_69' title='bbox 642 2174 853 2283; x_wconf 82' lang='lat' dir='ltr'>attigisset,</span> <span class='ocrx_word' id='word_1_70' title='bbox 873 2201 1032 2258; x_wconf 85' lang='lat' dir='ltr'>necesse</span> <span class='ocrx_word' id='word_1_71' title='bbox 1046 2174 1217 2258; x_wconf 89' lang='lat' dir='ltr'>omnino</span> <span class='ocrx_word' id='word_1_72' title='bbox 1235 2190 1339 2280; x_wconf 89' lang='lat' dir='ltr'>erat,</span> <span class='ocrx_word' id='word_1_73' title='bbox 1371 2194 1420 2258; x_wconf 91' lang='lat' dir='ltr'>ut</span> <span class='ocrx_word' id='word_1_74' title='bbox 1439 2173 1534 2258; x_wconf 90' lang='lat' dir='ltr'>inde</span> <span class='ocrx_word' id='word_1_75' title='bbox 1549 2171 1771 2287; x_wconf 85' lang='lat' dir='ltr'>paullatim</span> <span class='ocrx_word' id='word_1_76' title='bbox 1786 2172 2065 2292; x_wconf 86' lang='lat' dir='ltr'>delaberetur,</span> 
     </span>
     <span class='ocr_line' id='line_1_13' title="bbox 643 2315 2062 2434; baseline -0.006 -24"><span class='ocrx_word' id='word_1_77' title='bbox 643 2323 761 2410; x_wconf 90' lang='lat' dir='ltr'>novis</span> <span class='ocrx_word' id='word_1_78' title='bbox 777 2323 862 2406; x_wconf 90' lang='lat' dir='ltr'>iam</span> <span class='ocrx_word' id='word_1_79' title='bbox 884 2320 1037 2406; x_wconf 87' lang='lat' dir='ltr'>obortis</span> <span class='ocrx_word' id='word_1_80' title='bbox 1056 2319 1196 2424; x_wconf 89' lang='lat' dir='ltr'>rebus,</span> <span class='ocrx_word' id='word_1_81' title='bbox 1213 2347 1322 2434; x_wconf 87' lang='lat' dir='ltr'>quae</span> <span class='ocrx_word' id='word_1_82' title='bbox 1335 2319 1531 2432; x_wconf 83' lang='lat' dir='ltr'>pristinas</span> <span class='ocrx_word' id='word_1_83' title='bbox 1544 2315 1769 2403; x_wconf 88' lang='lat' dir='ltr'>obliterare</span> <span class='ocrx_word' id='word_1_84' title='bbox 1789 2319 2062 2404; x_wconf 86' lang='lat' dir='ltr'>conabantur.</span> 
     </span>
     <span class='ocr_line' id='line_1_14' title="bbox 646 2459 2058 2575; baseline -0.006 -25"><span class='ocrx_word' id='word_1_85' title='bbox 646 2463 775 2571; x_wconf 89' lang='lat' dir='ltr'>Quod</span> <span class='ocrx_word' id='word_1_86' title='bbox 803 2492 904 2550; x_wconf 84' lang='lat' dir='ltr'>vero</span> <span class='ocrx_word' id='word_1_87' title='bbox 932 2489 989 2549; x_wconf 84' lang='lat' dir='ltr'>ax</span> <span class='ocrx_word' id='word_1_88' title='bbox 1018 2463 1277 2548; x_wconf 87' lang='lat' dir='ltr'>immutabili</span> <span class='ocrx_word' id='word_1_89' title='bbox 1304 2480 1479 2549; x_wconf 88' lang='lat' dir='ltr'>naturae</span> <span class='ocrx_word' id='word_1_90' title='bbox 1507 2461 1593 2574; x_wconf 89' lang='lat' dir='ltr'>lege</span> <span class='ocrx_word' id='word_1_91' title='bbox 1620 2459 1766 2546; x_wconf 89' lang='lat' dir='ltr'>confici</span> <span class='ocrx_word' id='word_1_92' title='bbox 1807 2459 2058 2575; x_wconf 85' lang='lat' dir='ltr'>oportebat,</span> 
     </span>
     <span class='ocr_line' id='line_1_15' title="bbox 644 2605 2068 2723; baseline -0.005 -28"><span class='ocrx_word' id='word_1_93' title='bbox 644 2607 689 2695; x_wconf 90' lang='lat' dir='ltr'>id</span> <span class='ocrx_word' id='word_1_94' title='bbox 721 2609 886 2694; x_wconf 87' lang='lat' dir='ltr'>nonnisi</span> <span class='ocrx_word' id='word_1_95' title='bbox 914 2637 990 2723; x_wconf 88' lang='lat' dir='ltr'>per</span> <span class='ocrx_word' id='word_1_96' title='bbox 1018 2605 1210 2692; x_wconf 90' lang='lat' dir='ltr'>homines</span> <span class='ocrx_word' id='word_1_97' title='bbox 1237 2607 1347 2722; x_wconf 91' lang='lat' dir='ltr'>ipsos</span> <span class='ocrx_word' id='word_1_98' title='bbox 1374 2623 1521 2720; x_wconf 91' lang='lat' dir='ltr'>utpote</span> <span class='ocrx_word' id='word_1_99' title='bbox 1561 2605 1748 2693; x_wconf 87' lang='lat' dir='ltr'>eiusdem</span> <span class='ocrx_word' id='word_1_100' title='bbox 1790 2624 1966 2690; x_wconf 88' lang='lat' dir='ltr'>naturae</span> <span class='ocrx_word' id='word_1_101' title='bbox 2004 2607 2068 2690; x_wconf 86' lang='lat' dir='ltr'>in-</span> 
     </span>
     <span class='ocr_line' id='line_1_16' title="bbox 644 2746 2068 2862; baseline -0.002 -26"><span class='ocrx_word' id='word_1_102' title='bbox 644 2769 877 2836; x_wconf 88' lang='lat' dir='ltr'>strumenta</span> <span class='ocrx_word' id='word_1_103' title='bbox 919 2746 1225 2836; x_wconf 86' lang='lat' dir='ltr'>absolvendum</span> <span class='ocrx_word' id='word_1_104' title='bbox 1266 2766 1371 2836; x_wconf 85' lang='lat' dir='ltr'>erat.</span> <span class='ocrx_word' id='word_1_105' title='bbox 1417 2750 1513 2834; x_wconf 88' lang='lat' dir='ltr'>Post</span> <span class='ocrx_word' id='word_1_106' title='bbox 1554 2777 1728 2835; x_wconf 87' lang='lat' dir='ltr'>auream</span> <span class='ocrx_word' id='word_1_107' title='bbox 1771 2749 1850 2834; x_wconf 90' lang='lat' dir='ltr'>sub</span> <span class='ocrx_word' id='word_1_108' title='bbox 1890 2751 2068 2862; x_wconf 84' lang='lat' dir='ltr'>Augusti</span> 
     </span>
     <span class='ocr_line' id='line_1_17' title="bbox 644 2893 2066 3009; baseline -0.001 -29"><span class='ocrx_word' id='word_1_109' title='bbox 644 2898 886 3008; x_wconf 89' lang='lat' dir='ltr'>principatu</span> <span class='ocrx_word' id='word_1_110' title='bbox 914 2913 1092 2980; x_wconf 90' lang='lat' dir='ltr'>aetatem</span> <span class='ocrx_word' id='word_1_111' title='bbox 1122 2896 1218 2980; x_wconf 91' lang='lat' dir='ltr'>licet</span> <span class='ocrx_word' id='word_1_112' title='bbox 1246 2897 1439 2983; x_wconf 90' lang='lat' dir='ltr'>nondum</span> <span class='ocrx_word' id='word_1_113' title='bbox 1468 2893 1639 3009; x_wconf 90' lang='lat' dir='ltr'>aliquod</span> <span class='ocrx_word' id='word_1_114' title='bbox 1669 2894 1954 2980; x_wconf 88' lang='lat' dir='ltr'>Barbarorum</span> <span class='ocrx_word' id='word_1_115' title='bbox 1993 2923 2066 3006; x_wconf 89' lang='lat' dir='ltr'>ag-</span> 
     </span>
     <span class='ocr_line' id='line_1_18' title="bbox 642 3035 2067 3148; baseline -0.002 -26"><span class='ocrx_word' id='word_1_116' title='bbox 642 3067 739 3122; x_wconf 91' lang='lat' dir='ltr'>men</span> <span class='ocrx_word' id='word_1_117' title='bbox 772 3035 1005 3148; x_wconf 86' lang='lat' dir='ltr'>Imperium</span> <span class='ocrx_word' id='word_1_118' title='bbox 1034 3035 1291 3145; x_wconf 85' lang='lat' dir='ltr'>pervasisset,</span> <span class='ocrx_word' id='word_1_119' title='bbox 1322 3065 1466 3120; x_wconf 90' lang='lat' dir='ltr'>omnes</span> <span class='ocrx_word' id='word_1_120' title='bbox 1496 3057 1639 3122; x_wconf 89' lang='lat' dir='ltr'>tamen</span> <span class='ocrx_word' id='word_1_121' title='bbox 1668 3036 1939 3123; x_wconf 83' lang='lat' dir='ltr'>humaniores</span> <span class='ocrx_word' id='word_1_122' title='bbox 1958 3055 2067 3121; x_wconf 87' lang='lat' dir='ltr'>artes</span> 
     </span>
     <span class='ocr_line' id='line_1_19' title="bbox 645 3175 2063 3293; baseline 0 -31"><span class='ocrx_word' id='word_1_123' title='bbox 645 3207 694 3262; x_wconf 91' lang='lat' dir='ltr'>ac</span> <span class='ocrx_word' id='word_1_124' title='bbox 722 3177 964 3288; x_wconf 80' lang='lat' dir='ltr'>disciplinae</span> <span class='ocrx_word' id='word_1_125' title='bbox 994 3175 1048 3260; x_wconf 89' lang='lat' dir='ltr'>ad</span> <span class='ocrx_word' id='word_1_126' title='bbox 1078 3203 1272 3263; x_wconf 83' lang='lat' dir='ltr'>occasum</span> <span class='ocrx_word' id='word_1_127' title='bbox 1300 3199 1469 3286; x_wconf 86' lang='lat' dir='ltr'>vergere</span> <span class='ocrx_word' id='word_1_128' title='bbox 1499 3197 1788 3292; x_wconf 85' lang='lat' dir='ltr'>occoeperunt.</span> <span class='ocrx_word' id='word_1_129' title='bbox 1822 3179 1949 3268; x_wconf 88' lang='lat' dir='ltr'>Hunc</span> <span class='ocrx_word' id='word_1_130' title='bbox 1969 3181 2063 3293; x_wconf 86' lang='lat' dir='ltr'>qui-</span> 
     </span>
     <span class='ocr_line' id='line_1_20' title="bbox 648 3320 2060 3428; baseline 0.001 -22"><span class='ocrx_word' id='word_1_131' title='bbox 648 3323 747 3406; x_wconf 90' lang='lat' dir='ltr'>dem</span> <span class='ocrx_word' id='word_1_132' title='bbox 778 3347 925 3404; x_wconf 89' lang='lat' dir='ltr'>earum</span> <span class='ocrx_word' id='word_1_133' title='bbox 954 3347 1148 3405; x_wconf 90' lang='lat' dir='ltr'>occasum</span> <span class='ocrx_word' id='word_1_134' title='bbox 1175 3322 1362 3426; x_wconf 85' lang='lat' dir='ltr'>Seneca,</span> <span class='ocrx_word' id='word_1_135' title='bbox 1394 3320 1567 3426; x_wconf 90' lang='lat' dir='ltr'>Plinius,</span> <span class='ocrx_word' id='word_1_136' title='bbox 1598 3323 1785 3428; x_wconf 88' lang='lat' dir='ltr'>Tacitus,</span> <span class='ocrx_word' id='word_1_137' title='bbox 1816 3326 2060 3426; x_wconf 87' lang='lat' dir='ltr'>Eumenius,</span> 
     </span>
     <span class='ocr_line' id='line_1_21' title="bbox 644 3459 2066 3579; baseline 0 -29"><span class='ocrx_word' id='word_1_138' title='bbox 644 3463 863 3550; x_wconf 86' lang='lat' dir='ltr'>Euncdius</span> <span class='ocrx_word' id='word_1_139' title='bbox 878 3527 891 3568; x_wconf 92' lang='lat'>,</span> <span class='ocrx_word' id='word_1_140' title='bbox 923 3459 1189 3548; x_wconf 89' lang='lat' dir='ltr'>Cassiodorus</span> <span class='ocrx_word' id='word_1_141' title='bbox 1217 3493 1265 3547; x_wconf 92' lang='lat' dir='ltr'>ac</span> <span class='ocrx_word' id='word_1_142' title='bbox 1295 3463 1492 3548; x_wconf 87' lang='lat' dir='ltr'>Boethius</span> <span class='ocrx_word' id='word_1_143' title='bbox 1521 3467 1652 3549; x_wconf 88' lang='lat' dir='ltr'>testati</span> <span class='ocrx_word' id='word_1_144' title='bbox 1680 3481 1793 3570; x_wconf 89' lang='lat' dir='ltr'>sunt,</span> <span class='ocrx_word' id='word_1_145' title='bbox 1825 3465 1997 3579; x_wconf 89' lang='lat' dir='ltr'>perinde</span> <span class='ocrx_word' id='word_1_146' title='bbox 2018 3495 2066 3550; x_wconf 87' lang='lat' dir='ltr'>ac</span> 
     </span>
     <span class='ocr_line' id='line_1_22' title="bbox 643 3607 2067 3711; baseline 0.001 -20"><span class='ocrx_word' id='word_1_147' title='bbox 643 3608 863 3710; x_wconf 85' lang='lat' dir='ltr'>Naevius,</span> <span class='ocrx_word' id='word_1_148' title='bbox 913 3607 1106 3709; x_wconf 89' lang='lat' dir='ltr'>Ennius,</span> <span class='ocrx_word' id='word_1_149' title='bbox 1137 3607 1393 3711; x_wconf 86' lang='lat' dir='ltr'>Terentius,</span> <span class='ocrx_word' id='word_1_150' title='bbox 1442 3609 1666 3694; x_wconf 87' lang='lat' dir='ltr'>Lucretius</span> <span class='ocrx_word' id='word_1_151' title='bbox 1708 3637 1758 3692; x_wconf 92' lang='lat' dir='ltr'>ac</span> <span class='ocrx_word' id='word_1_152' title='bbox 1785 3607 1952 3696; x_wconf 90' lang='lat' dir='ltr'>Tullius</span> <span class='ocrx_word' id='word_1_153' title='bbox 1994 3639 2067 3693; x_wconf 89' lang='lat' dir='ltr'>an-</span> 
     </span>
     <span class='ocr_line' id='line_1_23' title="bbox 644 3747 2065 3867; baseline 0.003 -33"><span class='ocrx_word' id='word_1_154' title='bbox 644 3747 764 3835; x_wconf 90' lang='lat' dir='ltr'>tehac</span> <span class='ocrx_word' id='word_1_155' title='bbox 791 3749 1036 3836; x_wconf 84' lang='lat' dir='ltr'>earumdem</span> <span class='ocrx_word' id='word_1_156' title='bbox 1065 3751 1198 3835; x_wconf 88' lang='lat' dir='ltr'>testati</span> <span class='ocrx_word' id='word_1_157' title='bbox 1240 3749 1406 3838; x_wconf 86' lang='lat' dir='ltr'>fueraut</span> <span class='ocrx_word' id='word_1_158' title='bbox 1448 3751 1771 3836; x_wconf 89' lang='lat' dir='ltr'>incrementum.</span> <span class='ocrx_word' id='word_1_159' title='bbox 1816 3751 1872 3837; x_wconf 89' lang='lat' dir='ltr'>Et</span> <span class='ocrx_word' id='word_1_160' title='bbox 1917 3781 2065 3867; x_wconf 89' lang='lat' dir='ltr'>quem-</span> 
     </span>
     <span class='ocr_line' id='line_1_24' title="bbox 644 3890 2069 4010; baseline 0.004 -35"><span class='ocrx_word' id='word_1_161' title='bbox 644 3890 877 3978; x_wconf 88' lang='lat' dir='ltr'>admodum</span> <span class='ocrx_word' id='word_1_162' title='bbox 907 3894 1114 4005; x_wconf 83' lang='lat' dir='ltr'>Agrippae</span> <span class='ocrx_word' id='word_1_163' title='bbox 1142 3891 1358 3977; x_wconf 91' lang='lat' dir='ltr'>Pantheon</span> <span class='ocrx_word' id='word_1_164' title='bbox 1385 3895 1500 3976; x_wconf 90' lang='lat' dir='ltr'>urbis</span> <span class='ocrx_word' id='word_1_165' title='bbox 1529 3896 1690 3978; x_wconf 88' lang='lat' dir='ltr'>Romae</span> <span class='ocrx_word' id='word_1_166' title='bbox 1718 3897 1974 4010; x_wconf 89' lang='lat' dir='ltr'>templorum</span> <span class='ocrx_word' id='word_1_167' title='bbox 2006 3897 2069 3982; x_wconf 87' lang='lat' dir='ltr'>fa-</span> 
     </span>
     <span class='ocr_line' id='line_1_25' title="bbox 643 4035 2070 4152; baseline 0.001 -31"><span class='ocrx_word' id='word_1_168' title='bbox 643 4037 722 4122; x_wconf 91' lang='lat' dir='ltr'>cile</span> <span class='ocrx_word' id='word_1_169' title='bbox 749 4035 1084 4147; x_wconf 85' lang='lat' dir='ltr'>pulcherrimum</span> <span class='ocrx_word' id='word_1_170' title='bbox 1114 4051 1220 4116; x_wconf 85' lang='lat' dir='ltr'>artes</span> <span class='ocrx_word' id='word_1_171' title='bbox 1249 4036 1425 4143; x_wconf 89' lang='lat' dir='ltr'>Augusti</span> <span class='ocrx_word' id='word_1_172' title='bbox 1454 4065 1557 4123; x_wconf 89' lang='lat' dir='ltr'>aevo</span> <span class='ocrx_word' id='word_1_173' title='bbox 1577 4037 1631 4122; x_wconf 91' lang='lat' dir='ltr'>ad</span> <span class='ocrx_word' id='word_1_174' title='bbox 1651 4038 1954 4124; x_wconf 87' lang='lat' dir='ltr'>absolutionem</span> <span class='ocrx_word' id='word_1_175' title='bbox 1973 4067 2070 4152; x_wconf 89' lang='lat' dir='ltr'>per·</span> 
     </span>
     <span class='ocr_line' id='line_1_26' title="bbox 643 4173 2067 4292; baseline 0.004 -33"><span class='ocrx_word' id='word_1_176' title='bbox 643 4179 949 4288; x_wconf 76' lang='lat' dir='ltr'>lectionemque</span> <span class='ocrx_word' id='word_1_177' title='bbox 978 4174 1197 4288; x_wconf 86' lang='lat' dir='ltr'>perductas</span> <span class='ocrx_word' id='word_1_178' title='bbox 1240 4173 1361 4262; x_wconf 86' lang='lat' dir='ltr'>fuisse</span> <span class='ocrx_word' id='word_1_179' title='bbox 1404 4177 1687 4292; x_wconf 82' lang='lat' dir='ltr'>patefecerat3</span> <span class='ocrx_word' id='word_1_180' title='bbox 1732 4182 1790 4266; x_wconf 84' lang='lat' dir='ltr'>ita</span> <span class='ocrx_word' id='word_1_181' title='bbox 1833 4181 2001 4266; x_wconf 87' lang='lat' dir='ltr'>easdem</span> <span class='ocrx_word' id='word_1_182' title='bbox 2044 4209 2067 4264; x_wconf 88' lang='lat' dir='ltr'>a</span> 
     </span>
     <span class='ocr_line' id='line_1_27' title="bbox 644 4317 2067 4442; baseline 0.004 -38"><span class='ocrx_word' id='word_1_183' title='bbox 644 4319 780 4435; x_wconf 87' lang='lat' dir='ltr'>prisca</span> <span class='ocrx_word' id='word_1_184' title='bbox 809 4320 1010 4429; x_wconf 88' lang='lat' dir='ltr'>elegantia</span> <span class='ocrx_word' id='word_1_185' title='bbox 1039 4340 1079 4404; x_wconf 91' lang='lat' dir='ltr'>et</span> <span class='ocrx_word' id='word_1_186' title='bbox 1099 4317 1437 4434; x_wconf 88' lang='lat' dir='ltr'>pulchritudine,</span> <span class='ocrx_word' id='word_1_187' title='bbox 1459 4320 1648 4406; x_wconf 90' lang='lat' dir='ltr'>nondum</span> <span class='ocrx_word' id='word_1_188' title='bbox 1668 4327 1880 4435; x_wconf 88' lang='lat' dir='ltr'>ingruente</span> <span class='ocrx_word' id='word_1_189' title='bbox 1898 4327 2067 4442; x_wconf 87' lang='lat' dir='ltr'>Septen-</span> 
     </span>
     <span class='ocr_line' id='line_1_28' title="bbox 643 4465 2068 4590; baseline 0.009 -43"><span class='ocrx_word' id='word_1_190' title='bbox 643 4465 787 4551; x_wconf 87' lang='lat' dir='ltr'>trionis</span> <span class='ocrx_word' id='word_1_191' title='bbox 816 4465 1042 4571; x_wconf 87' lang='lat' dir='ltr'>barbarie,</span> <span class='ocrx_word' id='word_1_192' title='bbox 1075 4465 1290 4553; x_wconf 85' lang='lat' dir='ltr'>descivisse</span> <span class='ocrx_word' id='word_1_193' title='bbox 1318 4495 1366 4549; x_wconf 89' lang='lat' dir='ltr'>ac</span> <span class='ocrx_word' id='word_1_194' title='bbox 1394 4466 1524 4552; x_wconf 88' lang='lat' dir='ltr'>factas</span> <span class='ocrx_word' id='word_1_195' title='bbox 1553 4499 1636 4554; x_wconf 85' lang='lat' dir='ltr'>esse</span> <span class='ocrx_word' id='word_1_196' title='bbox 1664 4476 1939 4590; x_wconf 85' lang='lat' dir='ltr'>corruptiores</span> <span class='ocrx_word' id='word_1_197' title='bbox 1972 4477 2068 4562; x_wconf 87' lang='lat' dir='ltr'>edo-</span> 
     </span>
     <span class='ocr_line' id='line_1_29' title="bbox 628 4610 2067 4722; baseline 0.006 -30"><span class='ocrx_word' id='word_1_198' title='bbox 628 4629 820 4695; x_wconf 89' lang='lat' dir='ltr'>·cuerunt</span> <span class='ocrx_word' id='word_1_199' title='bbox 849 4611 1084 4696; x_wconf 88' lang='lat' dir='ltr'>Traianum</span> <span class='ocrx_word' id='word_1_200' title='bbox 1113 4611 1275 4698; x_wconf 89' lang='lat' dir='ltr'>Forum</span> <span class='ocrx_word' id='word_1_201' title='bbox 1296 4677 1309 4719; x_wconf 87' lang='lat'>,</span> <span class='ocrx_word' id='word_1_202' title='bbox 1328 4610 1513 4699; x_wconf 82' lang='lat' dir='ltr'>¹Veneris</span> <span class='ocrx_word' id='word_1_203' title='bbox 1555 4617 1813 4722; x_wconf 89' lang='lat' dir='ltr'>delubrum,</span> <span class='ocrx_word' id='word_1_204' title='bbox 1857 4621 2067 4707; x_wconf 84' lang='lat' dir='ltr'>Antonine</span> 
     </span>
     <span class='ocr_line' id='line_1_30' title="bbox 640 4754 2069 4876; baseline 0.01 -41"><span class='ocrx_word' id='word_1_205' title='bbox 640 4754 835 4836; x_wconf 86' lang='lat' dir='ltr'>columna</span> <span class='ocrx_word' id='word_1_206' title='bbox 849 4820 861 4859; x_wconf 94' lang='lat'>‚</span> <span class='ocrx_word' id='word_1_207' title='bbox 894 4773 933 4840; x_wconf 86' lang='lat' dir='ltr'>et</span> <span class='ocrx_word' id='word_1_208' title='bbox 963 4783 1108 4860; x_wconf 88' lang='lat' dir='ltr'>arcus,</span> <span class='ocrx_word' id='word_1_209' title='bbox 1139 4758 1213 4869; x_wconf 91' lang='lat' dir='ltr'>qui</span> <span class='ocrx_word' id='word_1_210' title='bbox 1242 4786 1385 4842; x_wconf 87' lang='lat' dir='ltr'>rerum</span> <span class='ocrx_word' id='word_1_211' title='bbox 1414 4789 1438 4842; x_wconf 88' lang='lat' dir='ltr'>a</span> <span class='ocrx_word' id='word_1_212' title='bbox 1469 4760 1670 4876; x_wconf 90' lang='lat' dir='ltr'>Septimio</span> <span class='ocrx_word' id='word_1_213' title='bbox 1699 4765 1866 4870; x_wconf 81' lang='lat' dir='ltr'>Severo,</span> <span class='ocrx_word' id='word_1_214' title='bbox 1890 4794 1939 4848; x_wconf 89' lang='lat' dir='ltr'>ac</span> <span class='ocrx_word' id='word_1_215' title='bbox 1958 4769 2069 4851; x_wconf 90' lang='lat' dir='ltr'>Con-</span> 
     </span>
     <span class='ocr_line' id='line_1_31' title="bbox 640 4897 2065 5020; baseline 0.009 -42"><span class='ocrx_word' id='word_1_216' title='bbox 640 4897 819 4980; x_wconf 89' lang='lat' dir='ltr'>stantino</span> <span class='ocrx_word' id='word_1_217' title='bbox 848 4900 1057 5010; x_wconf 88' lang='lat' dir='ltr'>praeclare</span> <span class='ocrx_word' id='word_1_218' title='bbox 1086 4917 1294 5008; x_wconf 87' lang='lat' dir='ltr'>gestarum</span> <span class='ocrx_word' id='word_1_219' title='bbox 1324 4909 1572 4993; x_wconf 89' lang='lat' dir='ltr'>memoriam</span> <span class='ocrx_word' id='word_1_220' title='bbox 1593 4907 1647 4992; x_wconf 91' lang='lat' dir='ltr'>ad</span> <span class='ocrx_word' id='word_1_221' title='bbox 1667 4924 1849 5019; x_wconf 90' lang='lat' dir='ltr'>posteros</span> <span class='ocrx_word' id='word_1_222' title='bbox 1868 4908 2065 5020; x_wconf 89' lang='lat' dir='ltr'>prodide-</span> 
     </span>
    </p>
   </div>
   <div class='ocr_carea' id='block_1_3' title="bbox 0 0 2316 6532">
    <p class='ocr_par' dir='ltr' id='par_1_4' title="bbox 0 0 2316 6532">
     <span class='ocr_line' id='line_1_32' title="bbox 0 0 2316 6532; baseline 0 0"><span class='ocrx_word' id='word_1_223' title='bbox 0 0 2316 6532; x_wconf 95' lang='lat' dir='ltr'> </span> 
     </span>
    </p>
   </div>
  </div>
 </body>
</html>
