4692 6512
582 1243 637 1290 aa.
793 1231 831 1302 in
855 1231 984 1304 nomine
1010 1229 1132 1304 domini
1146 1230 1200 1303 dei
1222 1228 1391 1306 saltuosis
1413 1223 1515 1300 nosni
1539 1223 1632 1304 ihesu
1657 1219 1770 1298 christi
1794 1222 1973 1316 imperante
1989 1225 2122 1298 domino

568 1351 649 1416 943.
698 1364 810 1428 nostro
833 1355 1042 1434 Constantino
1065 1339 1298 1450 parbsogenito
1314 1375 1433 1446 magno
1456 1352 1650 1445 imperatore
1670 1369 1755 1420 anno
1779 1348 1941 1426 tricesimo
1956 1361 2050 1422 sexto
2064 1356 2119 1426 sed

698 1488 731 1550 et
755 1498 891 1548 romano
916 1499 1033 1572 magno
1057 1477 1252 1570 imperatore
1276 1497 1360 1553 anno
1377 1471 1655 1552 vicesimotertio:
1673 1469 1986 1568 Diequintadeoima
2002 1477 2119 1548 mensis

697 1603 872 1680 decembrii
895 1603 1069 1681 indictione
1093 1601 1232 1677 mamea
1255 1601 1396 1703 neapoli:
1422 1599 1554 1678 Certum
1577 1609 1625 1672 eet
1647 1619 1701 1676 me
1716 1597 1896 1693 bonprnxia
1918 1597 2050 1672 honesta
2063 1603 2119 1675 se-

696 1728 782 1798 mina
808 1727 872 1802 filia
897 1726 1030 1822 quidem
1054 1727 1178 1804 domini
1205 1725 1289 1821 petri
1323 1725 1434 1804 relicta
1458 1739 1561 1802 autea
1595 1724 1729 1820 quidem
1763 1722 1887 1802 domini
1910 1722 2051 1798 iohanni.
2083 1729 2116 1800 A

695 1852 835 1944 presenti
860 1850 914 1924 die
936 1851 1151 1946 promtissima
1174 1854 1340 1932 voluntate
1364 1852 1561 1930 commutavi
1584 1860 1618 1928 et
1639 1851 1757 1930 tradidi
1785 1851 1879 1927 tobis
1907 1852 2118 1930 dammone·

695 1981 823 2054 nemeto
845 1981 1023 2058 venerabili
1048 1982 1202 2078 igumeno
1225 1981 1411 2058 monasterii
1434 1989 1618 2058 sanctornm
1642 1979 1741 2074 sergii
1769 1989 1803 2054 et
1824 1979 1921 2059 hreini
1944 1981 2003 2075 qui
2029 2003 2115 2054 nune

696 2119 911 2202 congregatus
935 2129 1003 2181 esse
1026 2109 1156 2183 uidetur
1190 2110 1224 2182 in
1248 2109 1444 2182 monasterio
1482 2116 1667 2185 sanctornm
1695 2106 1844 2184 theodori
1878 2115 1912 2181 et
1947 2107 2117 2181 sebastiani

694 2238 754 2332 qni
777 2245 913 2308 vocatur
936 2237 1094 2331 eesapieta
1118 2237 1215 2312 situm
1239 2233 1456 2315 inviridariot
1483 2236 1576 2308 inest
1597 2235 1738 2330 integros
1760 2255 1820 2306 sex
1835 2233 2119 2331 merainimus

695 2361 736 2432 de
756 2359 907 2431 omnibus
930 2361 1087 2454 ospitibus
1104 2359 1244 2434 fundatis
1261 2368 1294 2430 et
1317 2358 1500 2436 exiundetis
1524 2369 1557 2432 et
1581 2359 1621 2432 de
1649 2380 1761 2436 omnes
1784 2357 1939 2435 frendores
1961 2361 2115 2436 vivorum

694 2493 727 2552 et
751 2491 956 2556 mortuorum
980 2484 1128 2554 umdatas
1161 2491 1193 2558 et
1217 2482 1406 2560 exfundatas
1429 2503 1487 2558 seu
1511 2492 1543 2552 et
1567 2481 1607 2558 ds
1631 2480 1782 2558 omnibns
1797 2483 2020 2561 commenditis
2033 2485 2115 2557 brn-

693 2606 776 2680 datis
800 2614 832 2678 et
855 2607 1039 2682 exiundatis
1062 2605 1192 2684 insintul
1216 2605 1256 2680 de
1280 2613 1418 2700 quantos
1450 2613 1483 2676 et
1514 2603 1626 2700 quales
1661 2605 1794 2682 tremat
1820 2614 1855 2683 et
1888 2607 2115 2701 pertinuerunt

694 2733 800 2804 eidem
823 2733 963 2826 genitori
986 2732 1051 2808 mei
1076 2733 1111 2804 in
1134 2733 1207 2802 loeo
1231 2732 1290 2826 qui
1311 2741 1448 2810 vocatur
1471 2730 1554 2804 lauri
1586 2753 1652 2810 una
1687 2753 1766 2810 cunr
1798 2733 1957 2810 uxoribus
1990 2745 2024 2808 et
2045 2737 2121 2811 tiliia

694 2855 820 2928 filiabus
854 2877 956 2928 nurus
992 2856 1096 2948 adque
1132 2853 1302 2948 nepotibus
1335 2863 1427 2926 natos
1461 2854 1664 2934 nascentibus
1693 2865 1726 2927 et
1749 2877 1826 2936 eum
1854 2857 2001 2954 ipsorum
2035 2861 2115 2932 tuns

695 2979 790 3052 doras
805 2986 838 3050 et
853 2979 986 3072 cespites
1005 3001 1062 3056 seu
1088 2978 1183 3052 terris
1206 2988 1238 3049 et
1261 2977 1350 3054 silvis
1374 2977 1478 3071 adque
1502 2986 1628 3054 montes
1644 2987 1677 3050 et
1691 2977 1793 3072 plenis
1815 2987 1848 3052 et
1871 3001 1948 3060 eum
1964 2982 2117 3054 omnibns

692 3103 825 3181 illorum
850 3102 1146 3178 consuetudinarias
1170 3123 1303 3174 censora
1328 3122 1383 3178 seu
1408 3099 1529 3196 regulis
1553 3109 1586 3178 et
1609 3101 1839 3201 responsatieas
1864 3111 1898 3176 et
1920 3127 1996 3182 enm
2010 3109 2119 3185 omni-

693 3227 754 3302 bus
778 3228 910 3303 illorum
934 3228 1133 3322 pertinentiis
1158 3227 1373 3322 omnibusque
1397 3227 1614 3307 adiacentibus
1639 3238 1672 3301 et
1694 3227 1927 3323 pertinentibus
1951 3231 1998 3308 eis
2021 3232 2118 3308 simul

694 3352 790 3423 etde
815 3372 926 3428 omnes
950 3347 1082 3426 illorum
1105 3359 1256 3447 paratum
1279 3360 1312 3422 et
1337 3351 1563 3445 conquesitum
1587 3354 1627 3427 de
1658 3353 1746 3432 intus
1777 3364 1811 3426 et
1837 3353 1916 3432 iotis
1942 3355 2114 3433 movilium

694 3487 727 3548 et
750 3476 968 3551 immovilium
991 3497 1125 3572 seseque
1150 3477 1356 3551 moventibus
1380 3498 1439 3552 seu
1463 3479 1503 3552 de
1527 3478 1628 3554 serbis
1652 3491 1685 3551 et
1709 3480 1832 3556 ancillis
1855 3502 1970 3562 eorum
2002 3484 2115 3554 omni-

692 3603 818 3696 busque
843 3599 890 3671 eis
915 3599 1157 3700 pertinentibus.
1174 3599 1381 3680 Commutavi
1405 3599 1518 3694 inquid
1542 3611 1575 3674 et
1599 3603 1715 3682 tradidi
1739 3602 1799 3682 tibi
1823 3605 1911 3680 adie
1926 3606 2066 3698 presenti
2082 3617 2116 3678 et

692 3731 832 3821 integras
867 3727 1035 3804 sexuncias
1071 3749 1158 3804 meas
1191 3729 1231 3804 de
1267 3749 1378 3808 oannes
1417 3729 1570 3804 fundoras
1602 3730 1790 3805 exiundatas
1822 3732 1881 3830 qui
1910 3733 2040 3814 fuerant
2081 3745 2114 3808 et

773 4001 816 4084 (n)
840 4007 900 4072 Sex
919 4008 1031 4067 unoias
1051 4007 1089 4068 de
1109 4007 1303 4088 hospitibus,
1326 4022 1355 4068 et
1375 4006 1610 4086 commendetis,
1630 4009 1688 4075 hoo
1709 4021 1752 4074 est
1769 4009 1928 4080 dimidiam
1948 4009 2106 4090 hospitum

692 4123 721 4169 et
741 4112 1042 4192 eornmenditomm,
1064 4115 1146 4197 quod
1166 4115 1356 4195 Eupraxius
1376 4117 1534 4178 obvenerat
1553 4138 1591 4178 ex
1610 4116 1796 4200 haereditatis
1816 4129 1955 4202 paternae
1969 4117 2112 4180 divisione

693 4239 763 4279 cum
784 4239 837 4282 suo
856 4240 996 4300 germano
1016 4221 1105 4284 fratre
1126 4225 1243 4284 Ioanne.
1264 4225 1322 4289 Hic
1342 4245 1412 4286 vero
1443 4228 1585 4304 ioannes,
1616 4246 1707 4308 quem
1732 4249 1748 4294 e
1772 4230 1915 4316 praesenti
1938 4231 2111 4292 membrana

693 4344 774 4410 patet
795 4332 854 4392 iam
874 4353 1046 4415 supremum
1067 4334 1145 4404 diem
1166 4337 1294 4416 obiisse,
1327 4337 1516 4404 instrumento
1536 4361 1554 4401 a
1575 4339 1657 4404 nobis
1677 4341 1770 4423 paulo
1790 4355 1857 4408 ante
1877 4342 1956 4406 edito
1976 4343 2030 4405 sub
2054 4363 2115 4403 nu-

692 4462 773 4510 rnero
793 4442 958 4512 XXXVII.
978 4443 1063 4511 aliud
1083 4445 1240 4527 hospitum
1261 4462 1350 4530 atque
1370 4450 1652 4514 conameuditorum
1672 4452 1852 4532 dimidium,
1877 4453 1961 4546 quod
1980 4454 2021 4518 ad
2041 4477 2113 4520 euru

691 4565 859 4633 spectarat,
883 4551 978 4614 eidem
997 4555 1050 4624 SS,
1070 4555 1165 4638 Sergii
1185 4570 1214 4618 et
1234 4555 1341 4620 Bacchi
1357 4561 1529 4624 monasterio
1549 4581 1603 4644 pro
1617 4563 1730 4633 animae
1744 4585 1813 4628 suae
1827 4564 2026 4650 redemptione
2039 4585 2113 4627 eone

691 4677 823 4732 cesserat,
845 4662 984 4730 Praesens
1005 4685 1092 4750 porro
1107 4664 1321 4734 documentum
1345 4667 1428 4732 nobis
1452 4668 1778 4752 proficienaum,
1802 4677 1979 4740 Galbanum
2001 4693 2031 4740 et
2048 4683 2112 4742 Ca·-

692 4776 866 4851 sosemom
886 4791 1058 4862 nuncupata
1079 4777 1167 4842 inisse
1188 4779 1254 4842 loca
1265 4823 1274 4856 ‚
1296 4781 1348 4841 ubi
1368 4782 1506 4844 extabant
1519 4784 1627 4867 reliqui
1648 4785 1753 4863 tundi,
1775 4809 1850 4872 quos
1870 4791 1931 4854 eine
1944 4791 2012 4858 ulla
2026 4792 2112 4858 loeo·

690 4908 758 4950 rum
778 4893 1055 4962 commemoratione
1076 4891 1113 4958 ad
1133 4893 1293 4974 genitorem
1314 4915 1401 4958 suurn
1422 4898 1591 4980 pertinuisse
1611 4899 1642 4960 in
1664 4917 1825 4968 memorato
1846 4906 2037 4976 instrumento
2059 4908 2114 4974 de.

691 5000 818 5070 claravit
839 5003 968 5068 loannes.
