4658 6508
1301 569 1421 664 (⁸⁶)

646 732 817 802 introitum
849 729 967 799 habere
1004 728 1120 798 debeas
1150 749 1209 820 per
1244 725 1379 794 domum
1407 733 1498 792 tuam
1524 728 1555 790 et
1580 721 1732 790 omnibus
1756 719 1818 790 sivi
1843 721 2079 812 pertinentibus

648 860 735 928 unde
759 857 842 926 nihil
865 855 948 925 mihi
972 854 1127 925 remansit
1151 863 1207 922 aut
1230 850 1408 923 reservavi:
1427 849 1608 920 coherente
1632 847 1696 918 sivi
1713 873 1732 918 a
1749 857 1840 941 parte
1857 847 1991 918 orientis
2008 851 2076 919 do-

649 1005 743 1052 mum
758 1001 865 1050 meam
881 1001 980 1072 quarn
996 979 1030 1048 in
1044 1001 1117 1049 mea
1140 977 1306 1049 reservavi
1329 983 1487 1068 potestate
1511 973 1567 1043 sed
1591 971 1682 1064 regia
1705 972 1764 1066 qui
1788 972 1823 1041 in
1840 974 1948 1065 ipsum
1965 974 2077 1065 parie-

649 1115 716 1176 tem
741 1126 809 1175 esse
834 1103 963 1174 videtur
987 1110 1023 1171 tu
1047 1111 1229 1173 memorato
1252 1109 1346 1194 petro
1377 1125 1397 1168 a
1433 1099 1486 1170 die
1510 1096 1667 1190 presentis
1692 1120 1730 1167 ea
1754 1097 1875 1168 fabrire
1905 1098 2020 1170 debeas
2044 1111 2077 1171 et

649 1232 734 1324 ipsas
758 1231 865 1324 regias
889 1230 1177 1324 cum‘pertinentia
1202 1252 1260 1300 sua
1283 1227 1344 1298 tibi
1367 1227 1483 1300 tollere
1508 1225 1647 1298 debeas:
1666 1233 1699 1296 et
1714 1251 1733 1294 a
1748 1234 1840 1319 parte
1864 1227 2079 1318 septemtrio-

651 1357 702 1426 nis
727 1367 775 1427 est
799 1358 935 1427 domum
959 1355 1037 1426 boni
1062 1349 1103 1426 de
1127 1354 1318 1448 pataleone:
1345 1361 1378 1424 et
1402 1378 1421 1422 a
1444 1361 1536 1448 parte
1560 1350 1737 1422 occidentis
1761 1349 1894 1421 coheret
1917 1349 2003 1419 curti
2025 1349 2081 1420 he-

652 1482 769 1550 redum
792 1481 966 1552 memorati
998 1481 1207 1574 pantaleoni:
1235 1493 1268 1551 et
1292 1505 1309 1548 a
1334 1479 1514 1552 meridiana
1537 1487 1628 1571 parte
1653 1476 1787 1550 coheret
1822 1477 1990 1570 superiora
2026 1489 2081 1549 tua

650 1608 746 1677 sicuti
768 1607 853 1680 inter
876 1631 910 1678 se
935 1607 1077 1677 clusuria
1101 1607 1141 1678 de
1165 1606 1282 1676 tabulis
1306 1605 1442 1676 exfinat:
1470 1604 1516 1673 ita
1540 1612 1576 1674 ut
1600 1628 1618 1672 a
1643 1603 1785 1696 presenti
1813 1603 1866 1674 die
1882 1613 1915 1676 et
1931 1603 2082 1697 deinceps

651 1736 718 1804 iam
741 1736 908 1805 nominata
933 1735 1059 1827 integra
1084 1734 1252 1828 superiora
1277 1733 1433 1803 cubuculi
1457 1733 1523 1804 mei
1546 1732 1719 1803 constituta
1742 1755 1840 1826 super
1853 1733 2007 1804 inleriora
2024 1743 2080 1802 tua

653 1865 743 1957 quod
778 1875 826 1933 est
860 1863 895 1932 in
931 1873 1113 1934 memorato
1145 1861 1219 1932 vico
1243 1862 1302 1954 qui
1326 1870 1462 1930 vocatur
1487 1861 1590 1930 sancti
1613 1861 1741 1953 georgii
1765 1861 1800 1930 in
1825 1861 1981 1932 diaconia.
2006 1883 2083 1931 cunr

653 1992 804 2062 abatibus
829 2001 861 2061 et
887 1991 1070 2085 aspectibus
1093 1991 1192 2060 simul
1207 2001 1240 2062 et
1256 1990 1303 2058 ibi
1318 1989 1488 2060 introitum
1513 1987 1633 2058 habere
1658 1989 1773 2059 debeas
1789 2011 1848 2080 per
1865 1999 2079 2060 memoratam

653 2123 790 2192 domum
814 2131 903 2188 tuam
928 2129 960 2190 et
984 2118 1136 2190 omnibus
1160 2117 1223 2187 sivi
1248 2117 1505 2209 pertinentibus:
1534 2119 1619 2187 unde
1644 2115 1727 2185 nihil
1748 2116 1831 2186 mihi
1854 2116 2008 2186 remansit
2026 2129 2084 2187 aut

652 2242 817 2313 reservavi
841 2250 1000 2335 quatenus
1017 2251 1049 2312 et
1064 2265 1123 2334 per
1139 2241 1341 2313 coherentias
1365 2241 1424 2310 tibi
1448 2266 1486 2310 ea
1511 2241 1673 2312 insinuavi
1689 2241 1773 2310 sicut
1789 2241 1938 2334 superius
1962 2242 2083 2335 legitur

654 2393 741 2438 ame
759 2368 819 2437 tibi
836 2369 1017 2438 venundata
1034 2377 1066 2437 et
1081 2367 1199 2438 tradita
1224 2367 1258 2434 in
1283 2377 1340 2435 tua
1363 2367 1494 2460 tuisque
1509 2365 1683 2436 heredibus
1711 2367 1752 2436 sit
1769 2375 1927 2459 potestate
1944 2370 2083 2460 qualiter

652 2497 770 2567 exinde
795 2499 900 2567 lacere
917 2495 1105 2566 volueritis:
1126 2503 1159 2564 et
1183 2519 1289 2587 neque
1314 2494 1444 2564 anobis
1461 2504 1642 2564 memorato
1666 2497 1822 2565 eustratio
1845 2497 1982 2567 ferrario
2007 2521 2082 2567 cum

655 2644 846 2690 consensum
865 2630 1043 2690 memorate
1060 2620 1158 2689 drosu
1175 2617 1307 2710 coniugi
1324 2639 1395 2688 mee
1412 2641 1517 2710 neque
1540 2643 1558 2686 a
1574 2619 1655 2688 meis
1682 2618 1856 2690 heredibus
1883 2621 1935 2690 vel
1951 2647 1970 2690 a
1987 2623 2082 2692 nobis

655 2749 800 2840 personis
834 2745 1015 2816 summissis
1053 2745 1143 2814 nullo
1178 2754 1324 2838 tempore
1349 2744 1467 2815 exinde
1498 2743 1616 2814 habeas
1646 2769 1854 2841 quacumque
1892 2749 2085 2844 requisitio-

657 3126 760 3206 pltucs
791 3125 864 3187 alios
886 3127 1042 3206 scriptores
1066 3125 1168 3188 docuit
1189 3127 1360 3187 Mazoclrius
1383 3127 1394 3205 (
1422 3131 1470 3188 De
1495 3146 1586 3205 neap.
1608 3126 1729 3186 Eccles.
1756 3124 1878 3187 vicibus
1901 3145 1978 3205 pag.
2001 3126 2080 3196 252,

658 3260 691 3298 n.
715 3236 778 3319 (16)
794 3243 825 3318 );
847 3252 879 3296 at
900 3239 1043 3319 quamvis
1063 3252 1175 3320 septem
1196 3238 1283 3299 luisse
1304 3241 1508 3321 neapolitanus
1528 3242 1705 3302 Diaconias
1725 3239 1921 3317 adfirmarit,
1953 3254 2030 3320 quot
2054 3254 2085 3300 et

658 3355 811 3412 Romanus
833 3349 915 3411 Ordo
936 3351 1048 3411 Romae
1071 3350 1274 3424 numerabat,
1308 3352 1401 3412 trium
1421 3365 1525 3412 tarrren
1555 3351 1745 3414 solummodo
1775 3352 1895 3412 nomina
1925 3351 2079 3432 protulit,

659 3479 735 3545 quot
755 3467 826 3526 item
848 3465 976 3545 Caugius
997 3466 1167 3540 recensuit,
1188 3465 1328 3525 nimirum
1350 3467 1533 3526 Diaconiae
1554 3471 1586 3526 S.
1609 3467 1785 3542 Ianuarii,
1807 3485 1887 3546 quae
1908 3487 1989 3526 nunc
2003 3464 2083 3547 apud

659 3593 713 3632 nos
734 3571 818 3633 audit
838 3576 869 3632 S.
895 3577 1048 3634 Gennaro
1068 3573 1253 3646 att¹otmo,·
1274 3575 1455 3634 Dc'aeonioe
1476 3579 1507 3634 S.
1531 3574 1714 3654 Andreae,
1746 3576 1794 3634 cui
1814 3595 1922 3634 nomen
1941 3573 2028 3636 hodie
2049 3579 2084 3634 S.

657 3681 796 3746 Andron
816 3705 837 3742 a
858 3680 973 3750 Nido:
995 3682 1152 3758 millius,
1186 3704 1278 3764 quarn
1300 3684 1332 3742 in
1353 3683 1404 3747 SS.
1426 3687 1548 3745 loannis
1569 3701 1598 3746 et
1618 3685 1707 3746 Pauli
1729 3684 1852 3747 ecclesia
1880 3687 1974 3766 vulgo
2005 3707 2086 3748 nnnc

663 3789 743 3852 dicta
763 3795 886 3853 Donna
907 3793 1042 3850 Romila
1064 3792 1195 3853 extitisse
1215 3791 1356 3874 patefecit
1376 3787 1623 3870 aanoptaams
1645 3794 1793 3855 Theodori
1817 3796 2003 3878 neapolitani
2018 3795 2086 3856 Du-

658 3910 698 3965 cis
720 3906 852 3982 titulus,
879 3927 970 3988 quem
991 3927 1062 3988 prae
1083 3907 1336 3985 Montlauconio‚
1367 3929 1401 3968 ac
1424 3906 1573 3990 plerisque
1595 3907 1664 3968 aliis
1686 3905 1895 3989 ἅρχαιολόγοιε
1919 3911 1993 3969 viris
2014 3909 2087 3970 dili-

659 4021 775 4096 gentius
796 4022 1005 4101 interpretatus
1027 4020 1085 4082 suit
1106 4021 1308 4083 Martorellius
1330 4019 1341 4102 (
1360 4023 1453 4082 Theo.
1473 4021 1590 4082 calam.
1611 4031 1632 4082 t.
1646 4024 1689 4082 II.
1703 4043 1739 4101 p.
1755 4022 1816 4082 531
1835 4021 1856 4104 ).
1878 4022 1987 4084 Tribus
2000 4022 2084 4082 bisce

660 4131 861 4192 accensendas
882 4153 971 4212 porro
992 4147 1060 4192 sunt
1079 4134 1165 4193 binae
1186 4133 1262 4194 aliae
1272 4181 1282 4212 ‚
1305 4136 1417 4194 scilicet
1439 4149 1505 4195 tum
1526 4137 1691 4196 Diaconia
1705 4141 1736 4196 S.
1752 4139 1882 4196 Mariae
1901 4137 1937 4195 in
1955 4135 2088 4196 Cosmo·

660 4243 718 4302 din
735 4284 745 4315 ‚
767 4261 846 4322 quae
868 4242 1073 4302 aSnbbatinio
1094 4243 1106 4324 (
1123 4243 1251 4302 calend.
1273 4254 1292 4302 t.
1312 4247 1410 4304 VIII.
1424 4265 1444 4302 a
1454 4265 1531 4323 pag.
1547 4244 1594 4304 35
1614 4244 1660 4305 ad
1677 4243 1743 4326 39)
1762 4258 1962 4319 memoratur,
1984 4259 2014 4305 et
2028 4243 2086 4304 ho-

661 4354 710 4414 die
731 4347 843 4413 dicitur
863 4358 897 4414 S.
918 4356 1030 4416 Maria
1049 4355 1085 4415 di
1097 4359 1297 4430 Portanooa,
1320 4371 1384 4416 tum
1406 4359 1568 4417 Diaconio
1589 4362 1623 4418 S.
1651 4359 1805 4436 Georgii,
1840 4359 1972 4438 quaein
1997 4377 2088 4440 prae-

596 4473 607 4488 '
661 4470 738 4530 senti
758 4465 939 4526 documento
959 4468 1098 4526 occurrit.
1123 4468 1310 4528 Postremum
1331 4470 1407 4527 hanc
1423 4469 1619 4529 Diaconiam
1642 4469 1762 4528 minime
1778 4467 1926 4531 diversam
1942 4467 2028 4530 fnisse
2044 4491 2089 4530 re-

659 4603 727 4644 mur
749 4583 787 4642 ab
807 4582 938 4642 ecclesio
960 4587 992 4641 S.
1022 4581 1153 4657 Georgii
1172 4580 1218 4640 nd
1234 4585 1387 4657 Forum,
1416 4587 1500 4643 cuius
1520 4583 1660 4641 meminit
1685 4583 1848 4642 chronicon
1867 4584 1897 4644 S.
1918 4582 2030 4642 Mariae
2050 4580 2088 4641 de

660 4697 813 4778 Principio
833 4694 915 4778 apud
938 4695 1179 4756 Chioccarellum
1202 4696 1353 4777 (Antist.
1377 4704 1482 4778 neap.
1508 4698 1608 4758 Catul.
1623 4717 1702 4775 pag.
1722 4697 1766 4757 30
1780 4697 1815 4780 )‚
1843 4713 1874 4758 et
1894 4701 1990 4780 ipsam
2011 4700 2088 4758 inter

662 4829 709 4867 eas
730 4825 860 4870 recenset
882 4809 1039 4883 ecclesias,
1063 4831 1138 4890 quas
1159 4811 1385 4870 aConstantino
1401 4814 1513 4892 Magno
1528 4809 1657 4893 Neapoli
1672 4808 1804 4870 conditas
1824 4809 1911 4870 luisse
1931 4811 2008 4872 salso
2023 4831 2090 4872 me-

662 4923 771 4982 moriae
793 4922 946 5002 proditum
967 4939 1033 5002 est,
1057 4937 1092 4982 ut
1112 4921 1207 4984 eidem
1230 4923 1437 4986 Chioccarello
1458 4922 1580 4986 videtur
1602 4924 1673 5006 (op.
1700 4924 1751 4984 eit.
1772 4944 1807 5001 p.
1831 4923 1876 4984 32
1892 4926 1912 5005 ).
