4658 6508
1321 622 1440 720 (a)

668 779 762 854 (libau
786 779 907 854 mortui
931 779 1051 854 luerint
1075 788 1112 852 ut
1134 778 1295 874 qsrispiam
1318 779 1446 853 heredis
1464 803 1507 852 ex
1522 781 1568 854 eis
1584 803 1651 852 non
1666 781 1787 856 fuerint
1803 791 1880 854 tunc
1896 783 1936 854 sit
1952 783 2102 858 suanm

669 929 730 998 pro
755 908 860 978 anima
874 930 946 978 mea
970 908 1004 978 in
1027 907 1159 978 ecelesia
1181 929 1254 978 mea
1276 907 1436 978 bocabulo
1450 908 1551 978 sancti
1574 908 1658 1002 petri
1682 909 1723 981 ad
1741 917 1913 1003 paternum
1929 909 1977 1005 (8)
1997 935 2101 983 unum

671 1029 819 1100 modium
842 1031 882 1101 de
906 1039 993 1103 terra
1016 1053 1089 1102 mea
1113 1031 1173 1102 sila
1196 1031 1241 1102 ibi
1265 1031 1371 1126 ipsum
1394 1033 1434 1103 ad
1459 1041 1629 1125 paternum
1653 1033 1693 1102 ad
1712 1030 1898 1106 babendum
1921 1033 1956 1104 in
1978 1037 2104 1128 sempi-

671 1161 808 1224 ternum.
833 1163 867 1225 et
889 1156 997 1226 omnia
1022 1155 1148 1250 reliqua
1171 1180 1243 1228 mea
1266 1166 1444 1228 memorata
1467 1181 1532 1253 que
1558 1158 1598 1228 ad
1622 1158 1683 1252 ipsi
1706 1159 1873 1232 bernaculi
1897 1161 1962 1231 mei
1985 1163 2102 1257 reliqui

671 1280 712 1348 eit
736 1281 887 1353 offertum
910 1303 971 1374 pro
994 1307 1066 1355 mea
1090 1285 1211 1377 pariter
1234 1292 1267 1356 et
1290 1285 1422 1357 illorum
1454 1285 1560 1356 anima
1592 1287 1627 1357 in
1658 1286 1918 1382 congregationis
1949 1287 2103 1362 chartulis

669 1405 803 1476 eeclesia
826 1407 990 1500 stephanie
1007 1408 1070 1507 (9)a
1088 1412 1203 1483 luteris
1229 1435 1369 1508 namque
1395 1413 1530 1485 adfirmo
1557 1435 1619 1506 ego
1643 1423 1819 1485 memorata
1843 1414 1952 1486 blacta
1968 1416 2101 1490 honesta

674 1529 794 1600 femina
817 1530 875 1624 qui
898 1531 1046 1624 superius
1069 1555 1261 1608 consensum
1274 1535 1375 1609 tribui
1399 1546 1436 1609 ut
1459 1536 1486 1607 si
1499 1544 1698 1616 memoratus
1712 1561 1807 1610 ursus
1830 1537 1915 1609 lilim
1934 1561 2025 1610 meus
2041 1561 2104 1610 su-

673 1653 850 1744 pervixerit
865 1653 947 1726 mihi
961 1655 1016 1726 ael
1029 1657 1162 1730 heredes
1179 1657 1249 1729 eius
1263 1659 1408 1752 integrus
1423 1660 1581 1733 lalicidius
1596 1681 1689 1733 meus
1704 1661 1777 1757 (ιο)
1793 1662 1852 1758 qui
1870 1661 1952 1732 mibi
1967 1664 2106 1755 pertinet

675 1779 716 1851 de
740 1781 889 1853 omnibus
913 1785 1097 1856 memoratis
1120 1787 1161 1856 sit
1180 1786 1334 1858 donaunu
1354 1788 1395 1859 ad
1410 1795 1625 1862 memoratum
1640 1812 1754 1868 ursum
1767 1790 1871 1868 filium
1885 1812 1995 1864 meum
2011 1792 2104 1862 cius-

675 1943 2100 1991 Μ

756 2029 801 2111 (8)
822 2030 903 2099 Cum
923 2034 1099 2098 membrana
1119 2037 1195 2100 baec
1215 2039 1379 2102 ecclesalam
1400 2045 1430 2102 S.
1446 2045 1560 2112 Petri,
1582 2057 1612 2106 et
1626 2049 1806 2107 Paternum
1821 2046 1958 2112 distincte
1973 2052 2082 2113 innuat
2093 2097 2102 2128 ,

676 2140 783 2221 procul
804 2139 897 2202 dubio
916 2142 1031 2205 Claritii
1050 2148 1209 2208 sententiae
1229 2148 1424 2230 suffragatur,
1445 2155 1500 2232 qui
1520 2156 1623 2222 vicum
1644 2169 1729 2217 autea
1749 2178 1812 2218 una
1827 2161 1963 2220 Paterni
1979 2181 2105 2224 uomen-

675 2252 805 2318 clatione
824 2254 970 2318 douatum
991 2255 1061 2318 dein
1083 2259 1121 2320 ab
1141 2260 1266 2328 ecclesia
1286 2279 1471 2340 memorata,
1492 2287 1571 2348 quae
1591 2288 1685 2349 prope
1705 2271 1805 2352 ipsum
1824 2271 1944 2334 extabat
1954 2317 1964 2350 ,
1987 2279 2020 2334 S.
2039 2281 2107 2339 Pe-

676 2368 720 2422 tn'
739 2365 785 2427 ad
802 2371 983 2430 Paternum
1003 2387 1174 2434 mutuatum
1192 2374 1280 2436 luisse
1298 2399 1408 2444 nomen
1430 2378 1556 2444 tradidit
1577 2379 1675 2462 (pag.
1697 2384 1783 2466 151.)

760 2472 806 2557 (9)
827 2475 976 2550 Basilica,
997 2498 1091 2566 quam
1110 2480 1240 2562 Neapoli
1252 2481 1404 2546 Salvatori
1424 2485 1553 2550 dicatam
1574 2491 1798 2562 aConstautiuo
1820 2497 1950 2578 Magno,
1979 2503 2105 2590 ideoque

676 2581 848 2644 Saloutaria
862 2587 1042 2648 Ecclesiam
1056 2590 1219 2672 antiquitus
1240 2595 1445 2678 nuncupatam
1461 2595 1547 2660 fuisse
1570 2599 1689 2666 tradidit
1708 2603 1832 2670 loannes
1843 2611 2017 2676 Antiatitum
2037 2636 2106 2679 nea·

676 2689 885 2770 politanorum
900 2693 1177 2777 chronographus,
1200 2699 1474 2763 nomenclationem
1489 2706 1614 2786 posthac
1627 2723 1764 2774 mutuata
1782 2713 1840 2776 suit
1859 2719 2051 2798 Stepltam'ae
2071 2727 2108 2786 ab

678 2803 818 2885 episcopo
832 2804 982 2886 Stephano
997 2807 1048 2884 ll.,
1065 2807 1122 2886 qui
1142 2818 1210 2887 post
1229 2809 1364 2872 medium
1383 2812 1540 2876 saeculum
1555 2817 1639 2880 vm.
1652 2821 1789 2884 eamdem
1808 2827 2054 2913 instaurandam,
2072 2857 2107 2898 ac

678 2915 711 2980 in
730 2916 933 2996 augustiorem
954 2915 1083 2978 sormam
1102 2919 1314 2988 restituendam
1334 2925 1459 2986 curavit.
1469 2919 1688 3008 ‘Stephanium
1708 2934 1786 2996 hano
1805 2959 1867 3001 non
1886 2942 1979 3006 aliam
1996 2949 2035 3008 ab
2048 2949 2110 3012 ho·

678 3021 781 3090 (lierna
803 3032 835 3090 S.
855 3031 1018 3094 Reatiaeia
1037 3027 1128 3100 fuisse
1147 3031 1281 3100 ostendit
1301 3037 1473 3107 Menochius
1504 3039 1584 3124 (De
1610 3062 1699 3126 neap.
1724 3049 1815 3112 Eacl.
1834 3053 1954 3117 vice'bua
1972 3078 2050 3138 pag.
2073 3061 2111 3120 18

682 3149 713 3204 et
724 3159 809 3220 seqq.
825 3140 849 3221 l.

761 3252 790 3312 E
811 3270 912 3316 nostra
932 3255 989 3318 hac
1009 3259 1186 3324 membrana
1210 3275 1294 3344 patet
1323 3284 1405 3327 anuo
1431 3269 1491 3348 932
1519 3272 1652 3336 extitisse
1679 3277 1807 3366 Neapoli
1831 3288 2108 3370 congregationem

681 3361 890 3441 stephaniae,
913 3365 966 3426 etsi
986 3367 1157 3434 Menochius
1177 3367 1271 3452 (pag.
1293 3373 1378 3457 168)
1398 3376 1518 3444 nullius
1532 3383 1774 3469 congregationis
1795 3397 2003 3480 neapolitanae
2021 3424 2112 3467 meu·

681 3476 792 3540 tionem
810 3476 922 3542 ultimo
942 3480 1053 3542 saeculi
1071 3481 1126 3546 xl.
1151 3504 1234 3546 auno
1253 3489 1442 3554 vetustiorem
1461 3495 1495 3555 in
1515 3496 1648 3566 mediam
1669 3505 1839 3584 protulerit.
1861 3513 1908 3577 De
1929 3522 2109 3582 nostratibus

682 3605 756 3648 vero
775 3589 1102 3670 Gangeegau'onibae,
1123 3613 1159 3654 ao
1177 3599 1353 3678 praesertim
1373 3599 1411 3666 de
1423 3602 1505 3682 hac,
1526 3626 1620 3686 quam
1635 3608 1710 3682 olim
1732 3616 1950 3700 stephaniae,
1972 3626 2110 3713 deinceps

686 3698 933 3777 alternatae,
955 3713 985 3761 et
1007 3704 1039 3762 S.
1052 3703 1225 3767 Saloutaria
1245 3707 1472 3790 appellitarunt
1481 3756 1493 3790 ,
1519 3713 1677 3782 adeundus
1707 3735 1752 3783 est
1771 3723 1850 3788 idem
1870 3729 1926 3792 ille
1945 3747 2051 3795 auctor
2072 3737 2109 3800 de

682 3812 789 3874 nostris
809 3811 1035 3896 antiquitatibus
1054 3815 1372 3886 benemerentissimus
1403 3820 1531 3904 (open's
1551 3825 1643 3896 citati
1664 3851 1702 3910 p.
1723 3833 1773 3893 II.
1794 3855 1863 3916 cap.
1884 3842 1955 3904 ΙΙΙ.
1975 3843 2013 3905 de
2034 3868 2110 3910 nea-

678 3924 817 4000 politan.
840 3923 1077 3990 Hebdomadar.
1102 3929 1189 4009 On'g.
1204 3929 1228 4014 ).

766 4035 832 4118 (ιο)
854 4036 994 4102 Falcidia
1013 4041 1100 4122 lege,
1122 4064 1140 4106 a
1161 4045 1300 4108 Tribuno
1321 4048 1355 4110 P.
1369 4047 1509 4114 Falcidia
1524 4052 1610 4132 lata,
1632 4073 1757 4122 cautum
1776 4061 1887 4138 fuisse,
1907 4084 1941 4131 ut
1959 4071 1982 4132 si
2003 4072 2111 4156 legatis

684 4155 805 4208 testator
824 4147 894 4228 plus
913 4169 1011 4232 aequo
1029 4152 1242 4222 haereditatem
1262 4177 1429 4237 onerasset,
1449 4166 1541 4229 buius
1559 4169 1710 4249 quadrans
1730 4195 1784 4258 pro
1803 4177 1927 4244 haerede
1940 4183 2114 4252 detrahere-

687 4273 758 4336 tur,
780 4259 930 4340 vulgatior
949 4285 994 4328 res
1014 4281 1057 4330 est
1077 4287 1170 4350 quam
1190 4287 1226 4334 ut
1245 4276 1390 4338 monitore
1409 4295 1500 4360 egeat.
1520 4281 1606 4344 lllud
1625 4300 1724 4349 tamen
1745 4292 1784 4352 ad
1811 4313 1873 4356 rem
1898 4312 2028 4361 nostram
2056 4325 2113 4366 uo-

685 4383 753 4432 tatu
773 4369 896 4454 dignum
916 4389 972 4453 est,
993 4381 1179 4462 sequioribus
1193 4385 1334 4448 niruiruru
1349 4392 1529 4474 temporibus
1541 4415 1644 4460 vocem
1658 4400 1832 4476 Falcidia,
1851 4409 1913 4470 sive
1923 4412 2112 4476 Falcidium

683 4481 775 4547 latius
794 4501 948 4570 aooeptam
967 4489 1165 4572 quadrantem
1185 4494 1412 4562 haereditarium
1432 4509 1593 4583 generatim
1614 4509 1791 4587 denotasse,
1818 4519 1863 4578 uti
1890 4533 2012 4584 testatur
2032 4526 2114 4588 Can-

687 4597 760 4674 gius.
774 4599 965 4682 Quapropter
978 4602 1010 4664 iu
1029 4605 1135 4668 uostris
1147 4607 1339 4686 membranis,
1361 4614 1482 4694 perinde
1506 4631 1596 4698 atque
1611 4621 1642 4681 in
1656 4624 1794 4687 caietanis
1814 4629 1898 4709 apud
1913 4633 1940 4692 F
1941 4631 2112 4698 rideriaium

689 4705 785 4788 (pag.
806 4709 897 4792 187),
917 4711 1091 4778 huiusmodi
1110 4718 1308 4802 appellatione
1330 4723 1460 4786 donatur
1479 4744 1587 4811 quarta
1609 4732 1756 4796 banorum
1782 4757 1876 4819 pars,
1899 4761 1993 4822 quam
2014 4750 2112 4809 mariti

687 4821 828 4890 uxoribus
849 4824 1001 4894 donabant
1019 4849 1055 4894 eo
1073 4831 1201 4912 quidem
1220 4834 1440 4918 instrumento,
1464 4841 1548 4922 quod
1568 4857 1683 4906 nostrae
1707 4845 1938 4916 Consuetudines
1961 4859 2113 4920 Introdu-

686 4942 798 5011 eum,
831 4934 1031 5019 longobardae
1049 4959 1123 5008 vero
1141 4941 1222 5026 leges
1251 4963 1397 5011 vooanrnt
1416 4955 1635 5036 Morgincap,
1665 4957 1740 5020 idest
1769 4983 1874 5025 munus
1904 4971 2110 5049 matutinum,
