4658 6508
868 627 1012 724 (107)

227 797 343 887 quarta
368 787 488 858 mensis
513 785 624 879 aprilis
648 785 824 856 indictione
847 787 1016 858 undecima
1042 789 1203 882 syrrenli:
1222 789 1355 861 Certum
1378 799 1427 862 est
1450 814 1503 864 me
1527 815 1653 886 grego-

231 920 319 988 rium
344 915 448 986 lilium
472 913 604 1009 quidem
630 911 754 982 domini
777 911 926 983 iohannis
950 913 1062 983 militis
1086 937 1151 984 una
1175 938 1250 984 cum
1275 938 1432 987 consensu
1466 926 1499 987 et
1529 919 1654 988 volun-

230 1055 296 1114 tate
322 1041 452 1112 domine
476 1063 558 1108 enne
582 1038 716 1110 honeste
740 1037 860 1108 lemine
885 1037 1035 1128 genitrici
1058 1062 1142 1109 mee.
1172 1064 1191 1108 a
1212 1040 1352 1132 presenti
1377 1041 1429 1112 die
1452 1050 1485 1112 et
1509 1051 1654 1135 ternpore

230 1191 291 1261 pro
315 1165 453 1238 medelle
471 1160 520 1256 (3)
538 1168 571 1232 et
594 1158 782 1232 salvationis
806 1159 913 1230 nnime
938 1184 1011 1232 mee
1034 1185 1098 1255 que
1121 1160 1175 1232 bic
1191 1161 1290 1234 etiem
1314 1173 1346 1236 et
1368 1164 1403 1235 in
1428 1165 1540 1234 futuro
1555 1169 1655 1236 seculi

231 1295 314 1366 mibi
341 1293 546 1388 omnipotens
572 1294 651 1363 deus
675 1291 856 1360 retribuat:
895 1290 1006 1359 Offero
1029 1300 1062 1361 et
1094 1293 1250 1362 contrado
1274 1293 1334 1362 tibi
1366 1295 1499 1364 domino
1523 1293 1656 1364 iohanni

230 1425 408 1498 venerabili
424 1423 504 1494 ebba
520 1423 709 1515 presbytero
724 1418 914 1489 monasterii
930 1417 1034 1490 insule
1052 1418 1213 1491 ruviliane
1230 1419 1288 1516 (t).
1307 1429 1339 1490 et
1365 1443 1424 1514 per
1447 1433 1479 1493 te
1496 1421 1529 1491 in
1545 1445 1656 1516 supra-

232 1761 294 1803 esse
313 1737 549 1822 postulandum,
564 1751 617 1798 aut
636 1749 748 1798 nostros
769 1735 906 1797 Curiales
929 1734 966 1798 de
992 1736 1198 1820 Christophori
1221 1737 1306 1798 obitu
1328 1738 1422 1800 sactes
1443 1759 1503 1800 esse
1523 1737 1659 1800 certiores

233 1857 340 1927 serius,
363 1873 455 1935 quam
475 1852 538 1932 ipse
558 1854 622 1912 vita
642 1849 823 1926 decesserat,
847 1851 932 1932 quod
947 1851 1077 1910 alterum
1098 1871 1170 1914 vero
1190 1856 1313 1934 propius
1334 1853 1420 1912 nobis
1442 1850 1573 1913 videtur.

316 1962 359 2046 (3)
381 1963 544 2042 Plerasque
564 1960 728 2037 formulas,
750 1961 858 2041 quibus
878 1963 909 2020 in
933 1959 1125 2021 donationum
1144 1962 1343 2024 instrumentis
1363 1983 1418 2044 pro
1438 1961 1587 2040 ecclesia,
1610 1964 1660 2024 vel

236 2077 414 2138 monasterio
434 2075 577 2156 quopiam
598 2073 722 2133 conditis
735 2073 906 2132 earumdem
920 2073 1111 2131 donationum
1125 2094 1212 2134 eausa
1228 2071 1452 2147 declarabatur,
1473 2075 1576 2134 attulit
1590 2080 1659 2156 qui-

236 2193 305 2252 dem
326 2205 416 2272 atque
443 2189 607 2250 illustravit
637 2187 780 2248 Matrinius
812 2186 921 2269 (Pap.
947 2188 1091 2266 Diplom.
1113 2207 1193 2266 pag.
1216 2188 1285 2269 296
1295 2188 1330 2270 )‚
1353 2189 1495 2248 nimirum
1522 2209 1583 2268 pro
1613 2210 1662 2250 ne-

236 2305 340 2364 medio
362 2303 514 2378 animae,
547 2299 599 2360 vel
622 2308 853 2378 peecatorum,
875 2317 938 2376 pro
965 2298 1178 2380 redemptione
1202 2300 1356 2370 animae,
1378 2320 1440 2378 pro
1462 2300 1615 2361 oblatione
1635 2314 1665 2362 et

238 2415 376 2478 remedio
396 2416 550 2482 animae,
571 2431 633 2492 pro
653 2409 808 2472 oblatione
828 2420 858 2470 et
882 2409 1115 2470 illuminatione
1138 2413 1293 2488 aninrne,
1320 2430 1380 2490 pro
1401 2411 1555 2472 oblatione
1574 2423 1605 2470 et
1621 2414 1664 2472 il-

237 2529 446 2590 luminatione
466 2528 529 2585 sive
549 2525 802 2584 remuneratione
824 2525 974 2599 animae,
998 2543 1059 2602 pm
1080 2522 1237 2584 oblatione
1258 2536 1288 2585 et
1306 2525 1488 2585 luminaria
1508 2545 1589 2586 mea.
1611 2526 1665 2588 His

238 2639 416 2702 accensenda
436 2637 556 2700 videtur
575 2637 732 2714 formula,
756 2657 848 2718 quam
867 2657 1001 2718 praesens
1015 2638 1134 2697 exhibet
1146 2636 1380 2717 documentum,
1402 2658 1507 2720 nempe
1521 2659 1584 2718 pro
1599 2657 1666 2696 me-

240 2755 336 2826 dela,
357 2764 387 2815 et
406 2754 577 2814 salvatione
591 2752 736 2818 animae,
750 2750 803 2809 ubi
819 2749 976 2809 medelam
988 2771 1043 2831 pro
1057 2750 1196 2810 remedio
1210 2750 1337 2810 Curinlis
1350 2752 1514 2833 usurpavit.
1529 2751 1666 2812 Verbum

239 2871 297 2928 boc
316 2867 439 2950 quidem
460 2865 498 2927 ed
518 2865 700 2924 tributorum
719 2865 917 2924 remissionem
937 2861 1161 2943 significandam
1181 2861 1349 2923 adhibitum
1370 2861 1445 2922 olim
1465 2862 1544 2938 suit,
1566 2877 1602 2922 ut
1616 2865 1667 2922 ob-

241 2982 371 3042 servavit
391 2977 526 3039 Maffeius
549 2975 560 3058 (
588 2980 642 3036 Ist.
665 2974 812 3054 Diplom.
830 2993 907 3051 pag.
929 2986 988 3054 147
1010 2973 1045 3056 ),
1072 2995 1107 3034 ec
1128 2975 1322 3034 Heumannus
1344 2975 1429 3056 (De
1448 2978 1500 3035 Re
1518 2975 1666 3053 Diplomss

241 3102 261 3150 t.
279 3097 322 3154 IL
331 3113 364 3170 p.
379 3093 478 3153 XVI.
490 3090 515 3170 ).
534 3090 602 3146 Non
616 3087 742 3148 absimili
762 3107 851 3168 porro
866 3092 977 3148 ratione
993 3086 1074 3168 apud
1089 3088 1261 3150 christianos
1277 3089 1431 3170 scriptores
1445 3088 1564 3149 veniam
1579 3086 1669 3148 illam

241 3201 419 3275 denotavit,
442 3219 504 3280 qua
524 3219 542 3257 a
562 3211 753 3279 peccatorum
774 3217 860 3256 onere
882 3198 997 3256 animae
1021 3198 1212 3274 eximuntur,
1240 3217 1276 3256 ac
1296 3195 1539 3256 iucundissimam
1563 3217 1670 3278 quarn-

242 3313 313 3374 dam
332 3314 530 3373 remissionem
546 3332 581 3371 ac
597 3310 736 3370 solatium
751 3311 806 3370 sibi
821 3325 1014 3392 comparant;
1035 3329 1095 3390 qua
1111 3309 1247 3391 prolecto
1262 3313 1384 3372 notione
1398 3309 1430 3370 id
1442 3312 1569 3370 nominis
1581 3331 1670 3371 usur-

242 3427 326 3506 pavit
346 3421 456 3483 saeculi
472 3421 510 3480 V.
526 3422 651 3502 scriptor
666 3421 827 3482 Salvianus
847 3422 880 3480 in
901 3419 970 3478 libri
985 3423 1023 3480 ll.
1044 3417 1186 3481 adversus
1207 3421 1363 3479 avaritiam
1377 3417 1516 3494 exordio,
1537 3419 1590 3478 ubi
1612 3421 1667 3478 ait:

244 3533 402 3599 Diximus
422 3531 461 3592 de
482 3529 627 3590 remediis
638 3539 871 3608 peecatorum,
898 3529 998 3588 immo
1013 3529 1126 3608 potius
1147 3529 1185 3590 de
1203 3529 1314 3610 spedus
1341 3527 1542 3591 renediorum
1574 3540 1671 3612 atque

244 3645 369 3706 sonent.

326 3753 508 3812 Formulam
529 3773 603 3814 vero
616 3771 678 3830 pro
693 3750 829 3811 remedio
844 3752 972 3809 animae
988 3751 1226 3811 vetustissimam
1238 3751 1409 3810 habendam
1423 3772 1494 3827 esse,
1506 3773 1578 3834 prae
1599 3754 1669 3815 reli-

246 3862 317 3940 quis
334 3873 456 3920 testatur
475 3863 657 3920 Muratorins
682 3863 714 3920 in
727 3858 794 3920 diss.
808 3859 954 3921 LXVlll.
975 3858 1013 3916 de
1034 3857 1248 3939 redemptione
1268 3871 1491 3938 peecatorum,
1514 3862 1566 3921 nbi
1580 3881 1673 3943 prae-

246 3989 325 4032 terea
349 3972 494 4033 docemur
506 4013 516 4046 ,
548 3969 704 4052 quomodo
724 3991 779 4052 per
803 3970 942 4032 inferiora
966 3987 1104 4054 tempora
1128 3992 1277 4032 canonum
1302 3974 1562 4056 poenitentialium
1592 3977 1671 4037 vices

248 4083 398 4161 exceperit
411 4099 475 4139 mos
489 4079 621 4143 donandi
641 4077 781 4160 praedia,
804 4079 939 4160 aliasque
960 4103 1005 4144 res
1026 4085 1212 4142 monasteriis
1232 4097 1262 4144 et
1282 4084 1433 4162 ecclesiis,
1454 4107 1533 4168 quae
1546 4088 1672 4170 proinde

248 4193 478 4274 quamplurimis
498 4191 688 4266 latifundiis,
708 4196 893 4274 caeterisque
914 4196 1020 4276 opibus
1042 4193 1244 4277 locupletatae
1264 4194 1396 4256 suerunt.

328 4305 372 4387 (4)
392 4305 542 4387 Scopelus
553 4349 562 4383 ‚
574 4305 627 4385 qui
640 4320 737 4367 nostro
751 4308 898 4387 prominet
911 4309 986 4368 mari
1000 4307 1077 4367 inter
1092 4309 1257 4368 Nuneiatae
1272 4309 1416 4384 Turrim,
1432 4323 1520 4390 atque
1536 4309 1673 4374 Castrum

249 4417 342 4480 maris.
351 4415 388 4476 de
402 4416 526 4485 stabis,
540 4429 570 4476 et
582 4416 678 4498 vulgo
691 4418 881 4495 Revigliano
900 4419 1073 4487 vocitatur,
1093 4416 1167 4477 olim
1182 4439 1216 4479 ea
1230 4418 1287 4480 suit
1301 4421 1418 4498 insula,
1442 4426 1525 4484 cuius
1540 4443 1673 4505 praesens

247 4526 380 4584 meminit
394 4526 631 4586 instrumentum.
649 4526 735 4586 Hane
749 4526 951 4586 surrentinum
970 4525 1008 4586 ad
1021 4529 1173 4588 Ducatum
1194 4531 1367 4609 pertinuisse
1391 4529 1540 4591 adfirmari
1556 4546 1671 4613 potest,

248 4646 315 4690 turn
329 4633 400 4713 quia
415 4633 583 4714 propinqua
605 4647 667 4694 erat
682 4635 813 4703 Stabiis,
835 4655 915 4716 quae
933 4635 971 4695 ad
985 4636 1124 4698 eumdem
1141 4637 1290 4698 Ducatum
1308 4641 1499 4722 spectabant,
1523 4655 1587 4702 tum
1603 4645 1674 4724 quia

250 4741 450 4824 neapolitanus
472 4748 604 4807 Ducatus
633 4759 734 4806 ortum
759 4767 860 4810 versus
885 4769 961 4830 pago
982 4751 1088 4811 Turris
1107 4751 1240 4811 Octavae
1271 4749 1483 4829 definiebatur,
1507 4775 1577 4815 cum
1597 4775 1674 4812 non-

251 4850 326 4912 dum
351 4867 462 4913 extaret
480 4854 585 4915 Turris
610 4855 792 4931 Nunnium,
819 4877 911 4938 quem
937 4871 1003 4940 post
1024 4856 1178 4919 saeculum
1194 4860 1263 4921 XV.
1280 4859 1426 4920 conditam
1439 4875 1558 4923 testatur
1572 4863 1671 4924 Clari-

252 4966 309 5023 tius
338 4965 548 5047 (pag.137)

1268 5091 1283 5120 ί
