4658 6508
1329 607 1450 706 (⁴⁴)

1354 899 1442 971 Xlll.

556 1195 608 1244 an,
768 1153 959 1228 innomine
984 1153 1108 1228 domini
1132 1157 1182 1230 dei
1207 1157 1375 1230 salvatoris
1398 1159 1498 1230 nostri
1519 1159 1613 1232 lbesu
1630 1159 1740 1231 christi
1765 1159 1946 1254 imperante
1971 1159 2103 1230 domino

542 1311 623 1370 928.
673 1289 783 1350 nostro
807 1282 1015 1352 Constantino
1038 1305 1157 1375 magno
1180 1285 1378 1376 Imperatore
1402 1305 1486 1352 anno
1509 1283 1664 1354 vicesimo
1689 1286 1817 1378 primo:
1843 1282 1902 1353 sed
1919 1293 1952 1353 et
1967 1307 2102 1354 romano

672 1417 704 1478 et
727 1407 919 1480 christoforo
950 1410 1020 1481 eius
1051 1411 1118 1479 lilio
1152 1410 1278 1503 magnis
1308 1411 1557 1504 imperatoribus
1589 1391 1674 1482 anno
1707 1411 1822 1480 octabo
1855 1411 1908 1480 die
1932 1412 2102 1482 undecima

669 1535 788 1606 mensis
812 1536 953 1606 octobris
976 1537 1150 1608 indictione
1175 1540 1314 1610 secunda
1337 1539 1511 1631 neapolim.
1532 1540 1665 1610 Certum
1689 1547 1737 1610 est
1759 1562 1812 1607 me
1837 1538 2027 1630 stephanum
2043 1539 2103 1631 qui

671 1681 911 1750 supernomen
946 1661 1186 1732 mannociolum
1224 1661 1437 1732 bavitatorem
1472 1661 1507 1730 in
1541 1660 1614 1731 loeo
1644 1661 1702 1755 qui
1726 1670 1860 1731 vocatur
1887 1661 2102 1754 pumilionum

669 1807 772 1854 massa
797 1785 932 1854 atellana
956 1788 1097 1878 presenti
1121 1789 1173 1859 die
1196 1788 1435 1882 promptissima
1461 1789 1627 1859 voluntate
1649 1789 1805 1881 promitto
1829 1787 1888 1857 tibi
1911 1811 2026 1858 mauro
2043 1812 2105 1858 co-

670 1909 747 1980 lono
763 1909 903 2004 genitori
920 1935 1014 1982 meo:
1037 1916 1271 2009 propterquod
1288 1925 1325 1986 tu
1339 1915 1449 1986 liberis
1474 1914 1521 2010 (t)
1547 1915 1754 1985 constituistis
1769 1915 1966 1985 uviseltruda
1984 1925 2016 1986 et
2031 1937 2104 1986 rosa

669 2060 727 2108 seu
751 2039 878 2108 leonem
902 2040 1040 2110 famulas
1068 2052 1101 2111 et
1125 2043 1246 2113 famulo
1271 2053 1328 2112 tuo
1352 2067 1435 2138 quos
1458 2069 1476 2112 a
1500 2066 1667 2114 saracenos
1685 2043 1733 2138 (2)
1751 2053 1952 2136 comparatos
1983 2043 2103 2114 babere

670 2165 822 2238 videntur
846 2178 1004 2261 quatenus
1038 2179 1112 2262 post
1141 2179 1236 2240 tuum
1259 2171 1430 2241 transitum
1452 2171 1561 2242 liberis
1591 2181 1624 2244 et
1639 2172 1792 2243 absolutis
1808 2183 2017 2265 permaneant
2041 2173 2103 2242 illis

671 2303 703 2364 et
726 2293 859 2363 heredes
882 2293 1013 2362 illorum
1037 2317 1095 2386 per
1119 2293 1301 2363 firmissima
1324 2295 1469 2365 chartula
1494 2295 1691 2368 liberationis
1714 2320 1790 2367 cum
1814 2297 1922 2366 omnia
1945 2307 2104 2391 quantum

671 2418 711 2488 ad
736 2419 782 2487 eis
807 2418 967 2491 dimittere
991 2419 1205 2511 spopondistis
1240 2421 1279 2490 ad
1306 2432 1397 2490 tuum
1420 2420 1590 2491 transitum
1614 2421 1709 2491 sicuti
1733 2431 1910 2492 memorata
1926 2422 2107 2493 firmissima

750 2840 795 2922 (t)
810 2843 1038 2903 Documentum
1059 2841 1119 2901 boc
1140 2843 1173 2901 in
1195 2854 1328 2902 mentem
1344 2842 1453 2924 procul
1469 2843 1563 2904 dubio
1577 2858 1702 2904 revocat
1716 2865 1838 2906 sacrum
1851 2842 1961 2919 illurn,
1975 2865 2009 2904 ac
2023 2843 2109 2904 dete·

672 2953 812 3012 stabilem
835 2974 970 3030 morem,
994 2975 1056 3035 quo
1076 2957 1204 3014 maiores
1225 2956 1319 3016 nostri
1342 2969 1530 3017 caeterarum
1547 2955 1609 3016 sere
1629 2957 1762 3015 omniurn
1776 2957 1914 3038 gentium
1930 2953 2107 3036 exemplum

670 3067 763 3127 secuti
784 3068 852 3125 iura
873 3065 1044 3148 unicuique
1063 3068 1224 3129 hominurn
1244 3089 1261 3128 a
1283 3083 1392 3130 natura
1414 3069 1529 3128 tributa
1551 3068 1778 3128 conculcarunt.
1795 3069 1912 3129 Verum
1934 3070 2104 3128 meminisse

669 3179 792 3239 insimul
814 3181 920 3255 iuvat,
952 3179 1038 3260 quod
1070 3181 1265 3259 evangelicae
1293 3180 1420 3260 posthac
1449 3179 1605 3238 doctrinae
1621 3222 1630 3254 ‚
1653 3198 1688 3238 ac
1709 3199 1893 3238 summorum
1918 3175 2103 3238 Pontificum

670 3292 943 3373 praescriptiones,
963 3291 1017 3350 etsi
1033 3311 1127 3369 genus
1150 3291 1231 3351 illud
1250 3290 1448 3351 immanitatis
1468 3291 1590 3348 omnino
1612 3287 1745 3350 evellere
1766 3291 1959 3369 nequiverint
1971 3334 1981 3366 ,
2004 3302 2106 3349 tamen

672 3402 763 3462 durae
790 3421 950 3462 servorum
979 3401 1151 3465 conditioni
1174 3399 1305 3480 amplius
1335 3397 1495 3459 levaminis
1517 3394 1687 3456 attulerunt
1699 3440 1709 3472 ‚
1735 3417 1828 3476 quam
1849 3397 1933 3476 leges
1954 3398 2029 3457 olim
2050 3417 2105 3478 pro

673 3511 835 3592 mancipiis
864 3507 949 3590 apud
980 3511 1132 3570 Romanos
1162 3508 1252 3569 latae.
1284 3509 1368 3568 Hinc
1393 3509 1486 3566 nostri
1512 3505 1686 3584 praesertim
1717 3504 1893 3584 Neapolitac
1924 3528 1985 3566 non
2013 3506 2105 3566 modo

673 3620 858 3703 singularem
889 3620 1063 3680 exserebant
1095 3620 1318 3681 humanitatem
1349 3618 1382 3676 in
1404 3635 1529 3691 servos,
1552 3617 1618 3677 sive
1639 3616 1814 3692 famulos,
1847 3631 1881 3676 ut
1902 3618 2104 3698 inpraesenti

673 3733 850 3795 membrana
871 3731 945 3794 dicti
966 3746 1152 3807 occurrunt,
1183 3753 1289 3792 verum
1319 3731 1409 3791 etiarn
1430 3728 1569 3789 libertate
1600 3749 1650 3789 eos
1679 3749 1773 3811 quarn
1805 3729 1973 3808 saepissime
2004 3727 2103 3790 dona·

672 3847 772 3921 bant,
800 3844 884 3928 quod
900 3843 1040 3928 profecto
1070 3856 1216 3904 testantur
1240 3863 1311 3903 cunt
1346 3841 1476 3923 plutima
1496 3843 1556 3902 alia
1578 3841 1759 3900 documenta
1774 3886 1783 3916 ,
1807 3855 1872 3898 tum
1891 3839 2041 3900 chartula
2061 3844 2102 3902 lt·-

579 3985 585 3997 ·
672 3959 841 4020 dotationis
860 3960 893 4018 in
916 3973 1017 4019 nostro
1036 3959 1097 4018 hoc
1117 3957 1315 4016 instrumento
1343 3969 1530 4028 memorata,
1557 3971 1634 4032 quae
1658 3954 1740 4011 vices
1764 3950 1839 4009 obiit
1862 3969 1965 4009 eorum
1990 3969 2100 4008 manu-

673 4068 823 4128 missionis
847 4069 985 4141 rituum,
1009 4085 1086 4146 quos
1106 4065 1224 4124 italicas
1244 4065 1325 4124 inter
1345 4062 1538 4140 antiquitates
1569 4060 1721 4118 recensuit
1746 4057 1942 4118 Muratorius·
1973 4057 1984 4138 (
2007 4059 2043 4119 Τ.
2065 4061 2096 4119 J.

674 4179 745 4240 diss.
767 4183 851 4240 XV.
870 4199 905 4256 p.
926 4177 993 4245 842
1013 4185 1043 4235 et
1062 4174 1178 4256 seqq.)

755 4286 801 4369 (α)
823 4290 868 4347 De
891 4300 1050 4367 ternpore,
1082 4305 1144 4364 quo
1165 4285 1298 4364 primum
1318 4282 1429 4342 nostris
1450 4280 1636 4362 appulerunt
1656 4284 1716 4342 oris
1735 4280 1905 4347 Saraceni,
1935 4278 2097 4360 scriptores

676 4397 803 4482 quidem
823 4399 900 4459 inter
920 4418 949 4458 se
971 4395 1129 4456 dissident.
1153 4393 1314 4475 Plerisque
1335 4407 1438 4453 tamen
1458 4392 1556 4474 opinio
1582 4405 1625 4452 est
1644 4397 1764 4454 ineunte
1787 4391 1906 4451 saeculo
1926 4392 1982 4451 tx.
2006 4390 2096 4451 hosce

675 4511 831 4574 christiani
852 4507 985 4568 nominis
1005 4507 1107 4566 hostes
1126 4507 1190 4566 huc
1221 4503 1430 4576 adventasse,
1462 4523 1533 4564 cum
1563 4501 1681 4562 scilicet
1705 4503 1915 4583 neapolitanus
1936 4503 2008 4561 Dux
2028 4503 2096 4560 An-

676 4625 763 4688 dreas
783 4626 863 4707 ipsos
885 4642 900 4682 e
920 4619 1026 4683 Sicilia
1048 4617 1230 4692 arcessivit,
1261 4629 1295 4676 ut
1314 4614 1376 4677 sibi
1397 4613 1515 4676 bellum
1536 4613 1681 4675 adversus
1710 4614 1953 4676 beneventanum
1974 4611 2096 4673 Princi-

674 4762 742 4824 pem
763 4741 902 4800 Siconern
922 4736 1035 4818 gerenti
1055 4732 1288 4816 opitularentur.
1311 4729 1428 4792 Pluries
1449 4729 1563 4789 debinc
1584 4727 1809 4800 vastationem,
1847 4725 2008 4808 cladesque
2037 4745 2097 4786 no·

677 4857 744 4914 stris
764 4851 932 4934 provinciis
950 4847 1125 4910 intulerunt
1146 4845 1240 4907 niodo
1260 4859 1368 4927 sponte
1387 4863 1439 4902 sua
1458 4855 1659 4924 proruentes,
1683 4838 1773 4898 modo
1800 4840 1889 4898 acciti
1914 4837 1953 4898 ab
1975 4857 2097 4900 earum·

679 4964 750 5029 dem
770 4963 964 5036 Rectoribua‚
986 4962 1040 5043 qui
1060 4961 1211 5022 acerrimis
1230 4959 1364 5022 invicem
1388 4953 1598 5016 simultatibus
1616 4950 1874 5032 digladiabantur.
1888 4952 2003 5012 Veram
2018 4951 2096 5010 inter
