4616 6532
876 863 1016 940 XXIV.

229 1120 441 1192 Eustratius
465 1121 660 1194 Ferrarius
682 1124 797 1194 Petro
820 1125 992 1196 Ferraria
1022 1123 1151 1194 vendit
1184 1124 1373 1216 superiora
1409 1119 1569 1194 cubiculi
1591 1123 1653 1192 sui

268 1249 396 1344 posita
419 1253 460 1318 in
484 1250 563 1320 uico
589 1247 628 1318 S.
660 1246 809 1344 Georgii
832 1252 870 1374 {n
893 1249 1086 1320 Diaconia.

878 1435 999 1510 XXV.

228 1639 286 1711 Ss.
307 1636 426 1729 Sergii
448 1639 652 1709 etBacchi
675 1637 961 1727 monasterium,
986 1647 1023 1706 et
1057 1635 1269 1729 Stephanus
1287 1633 1437 1705 Isabrus
1453 1631 1652 1726 praedium

273 1768 421 1837 nominc
445 1765 674 1838 Ponticitum
697 1791 783 1839 cum
798 1767 959 1860 praedio
983 1765 1037 1834 ad
1060 1763 1311 1834 Fussatellum
1330 1772 1556 1856 permutant.

870 1951 1014 2026 XXVI.

224 2174 345 2260 Altius
368 2210 443 2260 non
466 2189 622 2259 tollendi
643 2202 678 2259 et
692 2187 899 2258 [ruminum
923 2187 1079 2260 seruitus
1104 2184 1333 2256 constituitur
1348 2184 1443 2254 inter
1460 2180 1650 2276 Theophi-

272 2315 428 2403 lactum,
451 2313 669 2406 Alt'gernum
693 2325 729 2383 et
754 2311 994 2406 Stephanum.

858 2547 1020 2639 xxvn.

221 2821 414 2894 Decisorio
427 2824 644 2906 ¹iuramento
679 2821 906 2916 componitur
935 2820 983 2892 lis
1018 2825 1116 2892 inter
1145 2819 1352 2906 Ioannem,
1398 2815 1647 2912 Campulum,

272 2947 505 3041 Stephanum
528 2961 563 3020 et
586 2949 767 3018 Mariam.

847 3167 1023 3240 XXVIII.

223 3424 427 3517 Gregorius
451 3421 580 3494 Attus
611 3423 824 3494 monasterii
845 3421 963 3494 Beati
984 3420 1216 3518 Archangeli
1241 3421 1440 3492 Michaelis
1471 3422 1646 3494 Caesario

263 3549 436 3622 Ferraria
459 3551 584 3622 uendit
606 3551 799 3644 superiora
831 3549 998 3620 cubiculi
1022 3551 1083 3619 sui
1105 3549 1220 3641 positi
1244 3553 1283 3620 in
1308 3551 1387 3622 rico
1414 3549 1454 3618 S.
1487 3549 1646 3642 Georgii

264 3677 307 3746 in
334 3657 528 3748 Diaconia.

860 3797 1003 3871 XXIX.

214 4051 483 4122 Monasterium
497 4049 638 4120 insulae
650 4049 852 4122 Salvatoris
869 4049 1115 4120 transactione
1132 4049 1229 4118 litem
1247 4049 1441 4139 componit,
1456 4073 1552 4144 quae
1569 4049 1642 4120 sibi

261 4190 344 4248 erat
363 4202 444 4248 cum
470 4176 525 4248 Ss.
548 4175 670 4272 Sergii
693 4177 893 4248 etBacchi
915 4177 1134 4246 monasterio
1159 4174 1201 4244 ob
1227 4174 1468 4244 hereditatem
1486 4177 1636 4248 Ioannis

262 4305 562 4378 Lociserratoris.

870 4433 995 4508 XXX.

219 4681 417 4774 Gregorius
441 4681 597 4753 Ioannis
617 4682 725 4774 filius
758 4685 902 4756 muneri
937 4684 1043 4781 offert
1075 4683 1214 4754 Athon
1247 4689 1460 4756 monasterii
1495 4689 1637 4758 insulae

259 4807 501 4896 Ruellianae,
525 4808 705 4904 quidquid
733 4807 907 4882 bonorum
931 4809 1002 4880 sibi
1027 4810 1075 4898 ab
1100 4807 1302 4884 hereditate
1322 4823 1486 4903 paterna
1525 4812 1636 4885 obue-

259 4945 377 5003 nerat.
