4692 6512
921 613 1066 712 (151)

274 770 409 844 minatas
436 771 663 867 quoherentias
696 774 788 848 vobis
819 799 857 850 ea
884 776 1073 850 imiuuabi:
1108 778 1200 850 vobis
1228 780 1410 874 vestrisque
1449 777 1623 851 heredibus
1664 776 1700 847 in

273 897 422 968 omnibus
449 905 606 971 antestare
640 909 673 972 et
703 899 868 974 defensare
898 901 1100 976 debeamus:
1134 925 1195 996 pro
1223 925 1263 974 eo
1292 904 1380 996 quod
1412 901 1520 996 accepi
1555 928 1573 972 a
1604 904 1697 978 vobis

273 1022 391 1095 exinde
414 1023 448 1093 in
474 1025 629 1118 presentis
656 1024 691 1096 in
718 1047 849 1098 omnem
886 1027 1079 1101 decisionem
1109 1029 1191 1101 idest
1217 1028 1289 1102 auri
1313 1029 1375 1099 tari
1404 1037 1469 1100 tres
1504 1029 1589 1100 sicut
1612 1031 1696 1104 inter

271 1146 364 1217 nobis
397 1151 574 1222 comvenit:
604 1152 753 1237 Quodsi
786 1151 1077 1246 quotienscumque
1109 1161 1256 1245 ternpore
1285 1173 1348 1244 ego
1373 1151 1426 1221 vel
1452 1151 1587 1224 heredes
1612 1153 1693 1225 meis

271 1283 383 1344 contra
424 1299 484 1346 anc
521 1276 701 1348 chartulam
738 1276 932 1348 venditionis
971 1285 1009 1347 ut
1044 1297 1142 1368 super
1180 1276 1300 1369 legitur
1339 1277 1451 1348 venire
1487 1301 1694 1370 praesumse-

269 1405 370 1474 rimus
401 1414 433 1474 et
459 1405 494 1476 in
527 1405 649 1498 aliquid
684 1404 797 1474 offensi
825 1404 981 1474 fuerimus
1008 1423 1070 1496 per
1104 1401 1221 1496 quobis
1253 1400 1388 1472 modum
1424 1411 1480 1471 aut
1506 1402 1691 1472 summissas

268 1553 420 1621 personas
446 1538 521 1600 tunc
550 1531 775 1622 componimus
802 1552 864 1623 ego
893 1539 926 1600 et
951 1527 1084 1599 heredes
1112 1527 1194 1597 meis
1221 1526 1315 1598 vobis
1346 1527 1525 1621 vestrisque
1553 1527 1688 1598 heredi-

269 1651 328 1725 bus
355 1653 426 1725 auri
453 1654 574 1726 solidos
603 1655 714 1726 darem
740 1652 920 1747 bytianteos
947 1661 980 1723 et
1009 1651 1070 1722 bec
1107 1649 1252 1720 chartula
1286 1649 1481 1722 venditionis
1520 1660 1557 1720 ut
1595 1672 1692 1744 super

267 1780 386 1872 legitur
417 1780 459 1850 sit
486 1781 579 1852 firma
595 1781 714 1874 scripta
740 1802 799 1876 per
816 1779 1005 1874 gregorium
1021 1775 1176 1850 curialem
1199 1799 1257 1870 per
1284 1775 1446 1848 nominata
1471 1775 1692 1870 indictione†

362 1905 436 1980 Hoc
460 1908 590 2002 signum
607 1905 766 2001 †manus
791 1907 947 1978 nominati
974 1907 1057 2000 petri
1082 1929 1143 2000 ego
1166 1904 1223 2000 qui
1255 1905 1438 1976 nominatos
1467 1903 1507 1974 ab
1540 1927 1615 1976 eum
1631 1928 1692 1976 ro-

267 2043 360 2126 gatus
390 2055 465 2106 eurn
482 2031 656 2125 subscripsi
690 2043 723 2104 et
742 2030 898 2104 nominati
920 2031 981 2102 tari
1008 2030 1163 2101 contiteor
1186 2025 1412 2121 percepisse†

364 2157 474 2249 †ego
500 2156 657 2227 anatolius
682 2156 766 2229 filius
792 2154 916 2226 domini
938 2154 1043 2226 boniti
1070 2163 1202 2246 rogatus
1229 2177 1248 2222 a
1273 2151 1491 2244 suprascripto
1514 2159 1608 2244 petro
1633 2161 1689 2223 te-

268 2283 309 2351 sti
336 2280 508 2374 subscripsi
536 2289 569 2350 et
595 2279 804 2374 suprascripti
827 2279 889 2350 tari
910 2280 1058 2352 coniesor
1084 2273 1310 2372 percepise†

363 2406 471 2501 †ego
502 2408 554 2479 leo
587 2407 671 2478 fitius
704 2405 827 2477 domiui
859 2405 1004 2500 gregorii
1035 2415 1170 2498 rogatus
1196 2429 1215 2472 a
1244 2401 1463 2498 suprascripto
1491 2410 1586 2496 petro
1618 2405 1690 2475 testi

266 2535 438 2629 subscripsi
465 2546 498 2607 et
520 2537 728 2630 suprascripti
754 2538 814 2606 tari
847 2536 1003 2608 confiteor
1028 2531 1256 2630 percepisse†

361 2660 469 2754 †ego
497 2662 653 2734 iohannes
677 2661 763 2732 iilius
794 2659 1017 2752 dominipetri
1043 2667 1177 2754 rogatus
1206 2682 1224 2728 a
1253 2654 1471 2750 suprascripto
1503 2665 1597 2748 petro
1620 2659 1692 2730 testi

265 2788 438 2880 subscripsi
468 2797 500 2860 et
528 2786 737 2880 suprascripti
764 2786 825 2858 tari
851 2786 1009 2856 confiteor
1032 2785 1244 2880 percepise†

361 2913 478 3004 †Ego
494 2913 664 3006 gregorius
680 2913 816 2986 Cerialis
836 2921 908 3007 post
938 2911 1205 3006 subscriptionem
1236 2911 1366 2982 testium
1387 2910 1548 3008 complevi
1571 2921 1603 2984 et
1629 2911 1691 2984 ab·

264 3037 347 3106 solvi
368 3060 427 3129 per
452 3037 616 3108 nominata
646 3038 741 3110 tertia
770 3035 994 3130 indictione†
