4692 6512
875 637 1020 733 (aas)

222 794 321 866 serbis
345 803 378 867 et
418 794 542 868 ancillis
576 819 691 870 comm
720 795 935 893 omnibusque
972 799 1019 869 eis
1050 798 1295 893 pertinentibus.
1327 800 1437 872 Oliero
1476 804 1589 896 inquid
1614 811 1646 874 et

222 919 315 989 trado
339 917 431 990 vobis
454 944 472 988 a
498 919 551 992 die
575 919 716 1014 presenti
739 931 772 993 et
795 920 921 1015 integra
944 921 1093 1015 portione
1116 945 1188 996 mea
1212 925 1252 998 de
1277 923 1346 996 aliis
1378 925 1528 998 omnibus
1552 929 1646 1021 ospi-

225 1039 311 1112 tibus
334 1042 474 1114 fundatis
498 1053 532 1114 et
555 1043 737 1117 criundatis
761 1053 794 1116 et
816 1043 857 1116 de
881 1066 993 1118 omnes
1016 1048 1171 1120 fundoras
1201 1049 1352 1122 vivorum
1385 1058 1418 1122 et
1441 1059 1646 1124 mortuorum

221 1166 371 1238 fundatas
395 1176 428 1238 et
451 1168 641 1242 exhrndatas
676 1177 709 1241 et
733 1169 773 1242 de
796 1169 946 1242 omnbus
974 1173 1197 1245 commenditis
1224 1173 1365 1246 fundatis
1399 1185 1433 1247 et
1464 1178 1647 1249 exfirndatis

224 1313 307 1386 quas
330 1292 464 1366 luerunt
486 1293 618 1367 insimul
641 1293 816 1366 nominatis
853 1294 1054 1389 genitoribus
1091 1297 1172 1368 meis
1206 1319 1281 1368 cnm
1308 1297 1454 1392 ipsonm
1496 1301 1648 1374 fundoras

223 1427 257 1487 et
281 1417 417 1512 cespites
440 1417 493 1490 rel
516 1439 629 1490 omnes
652 1416 933 1489 consuetudinaria
957 1439 1090 1490 censura
1118 1439 1177 1492 seu
1204 1419 1325 1516 regtrlis
1357 1431 1390 1496 et
1417 1427 1648 1518 responsaticas

222 1556 256 1618 et
280 1569 354 1619 cunr
378 1545 528 1618 omnibus
551 1545 683 1618 illorum
707 1545 909 1638 pertinentiis
933 1547 1038 1643 adque
1062 1550 1316 1643 possessionibus
1340 1575 1455 1626 eorum
1475 1555 1648 1626 omnibus-

221 1695 287 1764 que
311 1671 521 1746 atiacentibus
537 1681 570 1746 et
586 1671 820 1768 pertnenutrus
843 1673 890 1747 eis
923 1673 985 1770 (t).
1003 1673 1053 1748 De
1070 1675 1189 1772 quibus
1209 1675 1292 1750 nibil
1307 1678 1388 1754 mihi
1410 1705 1453 1754 ex
1475 1679 1527 1754 lris
1543 1683 1647 1754 omni·

303 2064 350 2148 (a)
369 2067 416 2131 Ut
437 2067 632 2131 observandis
659 2071 785 2134 vetustis
813 2069 952 2132 moribus
980 2089 1016 2132 ac
1047 2069 1211 2146 institutis,
1248 2068 1287 2129 ad
1317 2087 1397 2150 quae
1427 2067 1650 2136 documentum

219 2182 279 2242 hoc
300 2181 430 2256 attinet,
453 2183 504 2242 via
528 2182 654 2262 pronior
678 2196 854 2263 sternatur,
879 2183 1014 2266 proderit
1036 2183 1141 2264 paucis
1162 2200 1198 2242 ac
1221 2179 1425 2259 luculentius,
1441 2201 1534 2262 quam
1566 2181 1650 2242 idem

221 2293 437 2356 documentum
457 2293 628 2378 loquatur,
659 2295 844 2371 enucleare,
879 2295 1026 2378 quidnam
1049 2297 1082 2357 in
1105 2313 1141 2355 eo
1160 2293 1323 2377 stipulatus
1348 2291 1439 2355 suerit
1461 2293 1650 2361 contrahens.

221 2410 351 2468 loannes
380 2407 451 2468 heic
480 2407 534 2472 SS.
563 2407 659 2490 Sergii
689 2424 717 2470 et
747 2407 858 2472 Bacchi
889 2409 1031 2470 coenobio
1061 2408 1165 2468 thium
1186 2421 1217 2468 et
1245 2419 1388 2488 nepotem
1415 2407 1552 2488 hospites
1565 2405 1652 2480 sun-

220 2518 311 2578 detos
325 2519 365 2580 ad
379 2539 469 2584 suum
488 2519 645 2603 praedium
658 2521 776 2581 nomine
796 2521 923 2599 Pyrum
944 2532 1125 2602 spectantes,
1147 2539 1264 2584 necnon
1288 2533 1320 2582 et
1342 2519 1509 2582 universam
1533 2539 1651 2580 eomm-

221 2631 292 2692 dem
317 2629 479 2711 hospitum
500 2629 665 2710 familiam,
688 2651 797 2714 nempe
811 2651 940 2706 uxores,
962 2629 1043 2692 filios
1054 2673 1064 2706 ,
1087 2651 1199 2704 nurus,
1220 2645 1362 2713 nepotes,
1383 2650 1483 2693 servos
1503 2629 1650 2692 ancillas-

222 2763 284 2824 que
308 2743 410 2804 donat.
430 2743 524 2804 Addit
547 2763 637 2824 porro
661 2742 809 2826 quiequid
833 2741 926 2804 iidem
940 2742 1075 2824 hospites
1093 2742 1274 2827 possiderent
1292 2763 1344 2804 sua
1357 2743 1478 2806 sortaue
1501 2741 1652 2806 industria

222 2868 389 2937 paratum,
413 2869 443 2918 et
456 2853 624 2937 quamlibet
638 2854 855 2928 accessionem,
878 2872 939 2936 qua
957 2867 1154 2914 memoratum
1174 2851 1332 2936 praedium
1351 2849 1452 2914 suisset
1470 2850 1651 2927 adauctum,

222 2969 313 3030 etiam
328 2989 345 3032 e
359 2968 464 3044 rebus,
487 2988 563 3050 quas
584 2968 718 3048 hospites
735 2967 938 3049 acquisissent.
958 2967 1118 3027 nonancur-
1135 2965 1207 3027 item
1226 2985 1282 3040 ea,
1305 2983 1383 3046 quae
1404 2964 1496 3048 priori
1516 2963 1585 3026 loco
1603 2985 1652 3026 re-

222 3081 336 3141 censeri
353 3079 548 3161 oportuisset,
568 3079 712 3139 nimirum
725 3095 839 3140 census
858 3075 1177 3144 consuetudinarius,
1197 3074 1327 3158 regula,
1349 3095 1383 3135 ac
1396 3077 1651 3156 responsatieum,

222 3207 304 3268 quae
327 3187 512 3250 contrahenti
536 3199 642 3268 utpote
663 3186 772 3250 directo
794 3185 908 3271 praedii
934 3186 1054 3248 domino
1072 3186 1211 3270 pensitari
1229 3185 1266 3246 ab
1280 3181 1455 3267 hospitibus
1472 3183 1650 3248 debuissent.

222 3294 410 3357 Huiusmodi
434 3293 640 3357 donationibus
653 3293 777 3357 demum
791 3295 938 3358 accedunt
952 3297 1043 3358 simul
1061 3317 1131 3357 cum
1142 3294 1294 3372 fundatis
1313 3309 1344 3356 et
1363 3293 1545 3372 eafuudotis
1564 3317 1652 3360 oom-

224 3409 369 3472 menditis
387 3430 489 3472 omnes
509 3409 617 3492 reliqui
637 3411 772 3493 hospites
782 3410 920 3488 fundati
938 3425 968 3473 et
987 3410 1154 3488 essundati
1181 3413 1361 3494 pertinentes
1381 3409 1420 3472 ad
1440 3427 1576 3495 paternos
1596 3413 1652 3474 do-

224 3522 324 3582 nantis
342 3520 471 3594 sundos,
500 3543 576 3604 quos
600 3524 746 3585 uioomm
767 3543 802 3584 ae
822 3533 1043 3600 morucomm,
1075 3523 1209 3606 itemque
1223 3521 1378 3598 fundatos
1409 3536 1440 3584 et
1469 3523 1654 3600 exfiandotos

225 3651 322 3698 nostra
343 3638 418 3699 haec
438 3639 611 3701 membrana
631 3635 788 3721 appellat,
810 3638 887 3721 ipsos
906 3657 979 3698 vero
999 3635 1182 3699 deliniendos
1201 3637 1324 3697 minime
1344 3651 1440 3699 curat.

307 3749 387 3810 Cum
409 3748 448 3808 de
467 3748 639 3831 hospitibus
658 3769 728 3832 pag.
752 3749 804 3824 62,
832 3749 931 3810 adnot.
951 3747 1012 3832 (5),
1033 3745 1072 3809 de
1091 3747 1192 3810 lundis
1211 3749 1362 3810 uiuorum
1391 3769 1427 3811 ac
1454 3763 1654 3812 mortuorum

226 3859 331 3921 eadem
351 3879 420 3942 pag.
441 3858 543 3920 adnot.
565 3859 634 3942 (6),
656 3875 687 3922 et
707 3856 875 3938 derogata
895 3856 1023 3941 aliisque
1042 3858 1273 3941 praestationum
1293 3859 1578 3942 emphiteuticarum
1598 3881 1655 3921 no-

224 3966 475 4030 menclatiouibus
495 3987 565 4050 pag.
588 3971 643 4044 15,
673 3967 774 4030 adnot.
798 3967 867 4052 (4),
889 3967 935 4051 (5)
954 3989 990 4030 ao
1010 3967 1057 4052 (6)
1076 3968 1171 4030 locuti
1199 3971 1260 4030 iarn
1285 3968 1452 4045 fuemmus,
1473 3967 1539 4029 bcic
1567 3969 1592 4029 1.
1617 3968 1655 4030 dc

216 4077 333 4154 fundas
352 4091 382 4139 et
402 4077 576 4161 hospitibus
594 4079 729 4164 utrisque
749 4077 836 4143 dictis
846 4077 1000 4155 fundatas
1019 4092 1051 4141 et
1069 4077 1273 4155 eusundctis,
1301 4078 1339 4138 11.
1365 4077 1403 4138 de
1423 4075 1556 4158 quodam
1580 4077 1656 4140 inter

227 4193 365 4272 hospites
384 4204 414 4254 et
427 4191 653 4254 commenditus
665 4191 855 4269 discrimine,
878 4192 934 4253 lll.
947 4190 984 4252 de
998 4211 1097 4254 censu
1111 4187 1385 4253 consuetudinario
1397 4187 1549 4274 quaedam
1562 4211 1655 4254 mem-

224 4302 334 4364 branae
352 4301 425 4363 huic
438 4299 633 4366 illustrandae
646 4300 869 4363 accommodata
889 4299 1097 4364 delibabimus.

308 4419 352 4478 Ac
372 4415 506 4499 primum
525 4413 651 4497 quidem
670 4433 730 4474 non
748 4433 810 4474 una
830 4410 993 4494 eademque
1013 4409 1198 4475 cruditorum
1212 4425 1256 4474 est
1275 4410 1417 4474 sententia
1436 4411 1468 4472 in
1482 4409 1656 4480 definiendis

228 4528 356 4613 praediis
367 4525 522 4606 fundatis
534 4538 565 4588 et
579 4524 767 4602 essundatis.
779 4522 952 4586 Alexander
972 4524 1009 4584 de
1021 4525 1090 4586 Meo
1110 4524 1258 4606 (Amal.
1272 4521 1564 4603 crisos-diplomat.
1579 4535 1655 4585 tom.

231 4646 290 4704 Vl.
311 4643 347 4702 in
361 4636 501 4719 praetor.
518 4658 597 4719 pag.
619 4637 724 4701 XIV.
744 4653 784 4696 uc
804 4634 916 4716 seqq.)
937 4631 1121 4697 definitiones
1140 4633 1180 4695 ab
1193 4632 1259 4695 aliis
1278 4633 1471 4718 scriptoribus
1484 4631 1593 4697 allatas
1606 4653 1655 4697 re·

230 4756 332 4836 spuit,
354 4768 384 4818 et
402 4751 526 4837 praedia
540 4771 617 4836 quae
636 4747 678 4812 ad
691 4747 822 4833 privatos
834 4747 969 4810 homines
981 4749 1184 4832 pertinerent,
1197 4745 1362 4825 fundata,
1385 4767 1462 4830 quae
1476 4765 1548 4808 vero
1561 4763 1657 4810 essent

230 4868 378 4952 Principis
397 4880 452 4930 aut
470 4865 574 4941 Fisci,
595 4859 772 4942 essunduto
792 4859 853 4922 dici
872 4859 1054 4923 consuevisse
1074 4872 1218 4923 autumat.
1233 4857 1376 4943 Opinioni
1388 4858 1463 4922 huic
1483 4858 1587 4922 sedulo
1603 4881 1656 4924 ex-

230 4976 402 5062 pendendae
421 4975 574 5039 immorari
594 4973 677 5036 nobis
701 4971 769 5035 heic
793 4970 963 5055 praestituti
987 4968 1143 5032 brevitatis
1168 4969 1288 5030 termini
1312 4979 1425 5030 vetunt.
1448 4967 1537 5032 lllud
1562 4970 1654 5032 modo
