4658 6508
853 679 1003 773 (aas)

208 833 250 903 de
274 832 424 924 portione
460 832 512 903 vel
549 833 722 904 donatione
753 855 810 904 sna
846 855 904 926 per
936 831 1064 903 nullum
1088 831 1222 902 modum
1253 837 1362 923 preter
1392 828 1460 902 vite
1483 849 1540 900 sue
1565 838 1639 920 post

206 956 277 1025 eins
306 956 479 1026 transitum
513 956 656 1028 bacunm
691 958 877 1052 persisteret
914 957 1030 1029 deinde
1067 954 1161 1028 nobis
1196 954 1371 1048 pertineret
1403 951 1439 1022 in
1472 951 1639 1024 nominato

205 1087 317 1149 sancto
341 1088 454 1149 nostro
476 1081 674 1152 monasterio
697 1090 831 1175 propter
867 1081 957 1175 qnod
992 1081 1060 1174 ipse
1095 1088 1306 1150 testamentus
1341 1077 1484 1149 continet
1517 1087 1555 1148 ut
1580 1077 1639 1170 qni

205 1225 249 1270 ex
272 1201 350 1295 ipsis
374 1203 501 1274 filiabus
525 1205 682 1275 nominati
714 1204 840 1276 domini
875 1205 1010 1276 iohanni
1040 1204 1263 1276 lociservatori
1299 1203 1441 1296 pretium
1477 1223 1539 1294 pro
1563 1201 1640 1270 ani-

204 1351 259 1397 ma
284 1350 342 1398 sua
366 1353 433 1400 non
457 1330 650 1423 disposuerit
673 1355 771 1425 quem
795 1331 865 1421 ipse
898 1341 1107 1401 testamentus
1138 1331 1290 1400 continet.
1323 1331 1386 1400 iret
1415 1352 1475 1422 per
1505 1349 1639 1397 manum

205 1457 313 1526 abbati
337 1458 496 1527 nominati
514 1459 615 1524 sancti
639 1461 742 1524 nostri
765 1455 953 1526 monasterii
978 1470 1010 1526 et
1033 1455 1172 1549 proinde
1196 1456 1291 1527 nobis
1304 1457 1421 1528 exinde
1437 1455 1471 1526 in
1490 1455 1639 1547 aliqnan-

204 1593 276 1650 tum
299 1582 334 1648 in
359 1577 528 1647 nominato
551 1587 661 1648 sancto
684 1589 797 1650 nostro
821 1580 1020 1652 monasterio
1044 1580 1192 1670 pertinet.
1217 1593 1249 1654 et
1272 1592 1431 1670 quantum
1455 1579 1573 1649 exinde
1604 1580 1639 1650 in

203 1705 372 1800 publicum
397 1703 514 1777 cecidit
539 1714 645 1776 totum
672 1705 767 1776 nobis
793 1707 935 1798 pertinet
959 1731 1018 1798 per
1040 1705 1279 1778 concessionem
1304 1730 1322 1775 a
1348 1705 1482 1798 quidem
1505 1707 1638 1778 domino

203 1837 343 1906 iohanne
377 1835 411 1905 in
449 1833 502 1906 dei
534 1833 668 1905 nomine
703 1831 963 1903 eminentissimo
991 1833 1118 1903 consuli
1146 1847 1179 1906 et
1207 1835 1303 1906 duci:
1332 1843 1365 1905 et
1393 1836 1473 1906 dum
1497 1835 1639 1906 multum

204 1963 323 2033 exinde
340 1964 426 2035 inter
442 1983 502 2033 nos
518 1962 657 2032 intentio
681 1960 864 2032 berteretur
880 1959 1016 2032 domino
1039 1962 1102 2033 deo
1126 1962 1303 2034 auxiliante
1320 1963 1378 2056 qui
1395 1986 1430 2034 es
1445 1965 1640 2034 reformator

204 2087 354 2156 omnium
371 2085 535 2155 bonorum
551 2107 609 2177 per
624 2083 826 2176 colloquium
841 2083 1005 2153 bonorum
1029 2083 1201 2154 bominum
1218 2086 1453 2156 combenientia
1470 2086 1554 2156 inter
1571 2109 1638 2156 no-

205 2213 258 2282 his
282 2211 404 2281 exinde
428 2213 511 2280 lacta
534 2231 596 2302 pro
619 2208 705 2278 bona
728 2207 966 2281 combenientia
982 2208 1133 2304 boneqne
1149 2211 1335 2282 voluntatis.
1361 2225 1395 2284 et
1418 2213 1458 2283 de
1482 2211 1589 2284 omnia
1607 2224 1640 2284 et

203 2335 239 2404 in
264 2335 417 2405 omnibns
451 2344 612 2429 quantum
645 2344 679 2405 et
709 2335 877 2430 quomodo
905 2334 1091 2405 nominatus
1122 2345 1251 2406 sanctus
1279 2347 1388 2408 vester
1423 2338 1638 2408 monasterius

203 2462 303 2532 habet
328 2472 361 2531 et
384 2461 525 2554 pertinet
549 2464 589 2533 de
612 2463 789 2532 substantia
812 2463 971 2532 nominati
995 2462 1121 2534 domini
1157 2463 1308 2536 iohannis
1332 2463 1556 2534 lociservatori
1580 2464 1638 2532 in-

204 2599 256 2657 tus
281 2588 334 2658 vel
358 2587 439 2658 loris
466 2586 535 2657 sibe
564 2609 623 2679 per
652 2587 856 2659 offertionem
881 2588 922 2658 ab
951 2589 1022 2660 eius
1049 2590 1221 2662 heredibus
1245 2591 1298 2662 rel
1321 2614 1380 2682 per
1405 2588 1638 2681 alioquolibet

204 2716 339 2785 modum
363 2714 417 2785 vel
440 2714 618 2784 rationem:
645 2738 686 2784 av
710 2715 843 2784 odierna
867 2715 920 2786 die
936 2723 969 2786 et
983 2716 1133 2810 deinceps
1148 2740 1206 2788 sex
1220 2719 1331 2787 uncias
1347 2716 1463 2786 exinde
1479 2716 1513 2785 in
1529 2725 1637 2784 vestra

202 2840 406 2933 posterisque
429 2839 545 2909 vestris
568 2849 744 2935 sanctoque
761 2851 870 2914 vestro
894 2843 1091 2915 monasterio
1114 2842 1156 2912 sit
1171 2853 1327 2936 potestate
1343 2843 1503 2938 quidquid
1520 2840 1637 2912 exinde

203 2967 310 3034 lacere
334 2963 515 3033 volueritis.
541 2972 574 3034 et
597 2965 740 3058 reliquas
763 2965 945 3038 sexuncias
970 2967 1087 3038 exinde
1111 2968 1147 3037 in
1166 2976 1276 3037 nostra
1295 2969 1496 3059 posterisque
1521 2967 1639 3036 nostris

202 3099 381 3183 sanctoque
404 3099 516 3160 nostro
540 3090 737 3161 monasterio
760 3091 802 3162 sit
817 3101 973 3186 potestate
989 3094 1150 3189 quidquid
1166 3094 1283 3167 exinde
1299 3097 1404 3165 lacere
1420 3091 1634 3165 voluerimus.

204 3221 249 3290 Ut
273 3216 535 3308 omnitempore
559 3214 724 3309 coequalis
749 3216 866 3287 exinde
898 3241 966 3290 esse
990 3217 1104 3290 debeat
1127 3219 1312 3290 nominatus
1335 3219 1548 3290 monasterius
1573 3241 1638 3288 no·

203 3361 269 3416 ster
295 3367 371 3416 cnm
397 3345 524 3435 prelato
559 3351 668 3412 vestro
701 3344 920 3415 monasterio:
959 3355 992 3417 et
1026 3369 1132 3440 neque
1165 3373 1185 3419 a
1217 3347 1311 3417 nobis
1338 3347 1506 3416 nominato
1530 3346 1638 3436 sergio

205 3471 362 3543 humilem
385 3471 534 3540 abbatem
556 3469 773 3562 presbiterum
792 3493 869 3540 cnm
891 3472 1093 3542 voluntatem
1116 3481 1214 3542 cunte
1237 3471 1498 3562 congregationis
1525 3492 1639 3539 mona-

204 3595 343 3665 chorum
367 3593 523 3664 nominati
548 3593 647 3662 sancti
672 3596 775 3663 nostri
798 3595 986 3666 monasterii
1020 3618 1170 3688 neqrm
1201 3593 1339 3683 posteris
1371 3595 1490 3662 nostris
1522 3616 1581 3664 nec
1619 3619 1637 3662 a

204 3719 371 3790 nominato
400 3727 510 3788 sancto
538 3725 650 3786 nostro
680 3714 878 3784 monasterio
903 3718 956 3786 vel
980 3742 999 3785 a
1028 3719 1121 3787 nobis
1154 3720 1301 3808 personis
1336 3719 1514 3788 summissis
1547 3719 1638 3788 nullo

205 3860 351 3939 tempore
375 3867 554 3939 numquam
578 3867 639 3914 vos
675 3844 845 3914 nominato
868 3843 1003 3914 domino
1027 3843 1197 3915 benedicto
1224 3843 1378 3937 religioso
1400 3844 1556 3936 igumeno
1582 3857 1638 3915 aut

204 3969 342 4062 posteris
376 3967 493 4039 rmtris
527 3967 580 4036 vel
603 3967 788 4036 nominatus
820 3963 948 4038 sanetus
980 3979 1087 4040 vester
1115 3969 1329 4040 monasterius
1362 3992 1423 4062 pro
1453 3967 1638 4039 nominatas

205 4119 263 4166 sex
287 4094 399 4163 uncias
422 4103 545 4166 vestras
568 4093 659 4188 quod
683 4092 767 4162 absit
790 4092 934 4165 babeatis
951 4094 1126 4188 aliquando
1151 4113 1359 4187 quacumque
1382 4093 1639 4188 requesitionem

203 4231 262 4292 aut
285 4219 431 4292 molestia
456 4221 498 4290 ba
522 4243 609 4291 nunc
633 4220 724 4292 etin
748 4221 911 4313 perpetuis
934 4220 1144 4313 temporibus.
1169 4231 1305 4312 excepto
1325 4231 1463 4314 quatum
1488 4223 1528 4291 de
1553 4220 1638 4290 sub-

204 4352 319 4420 stantia
344 4347 501 4418 nominati
524 4345 650 4416 domini
674 4345 823 4417 iohannis
847 4345 1069 4418 lociservatori
1087 4348 1198 4418 datum
1214 4357 1262 4416 est
1291 4369 1349 4438 per
1364 4346 1483 4440 quovis
1503 4348 1639 4416 modum

205 4477 247 4544 ad
286 4472 347 4542 alia
380 4465 496 4565 quavis
523 4493 661 4563 persona
694 4493 753 4563 per
783 4470 919 4543 heredes
951 4471 1053 4564 ipsius
1080 4472 1205 4542 domini
1241 4469 1390 4541 iohannis
1414 4469 1637 4540 lociservatori

205 4600 259 4668 vel
284 4606 438 4691 quantam
458 4597 575 4668 exinde
599 4598 729 4668 vincere
747 4598 949 4691 potuerimus
973 4600 1014 4670 ab
1037 4600 1114 4694 ipsis
1132 4599 1267 4672 heredes
1291 4609 1328 4670 ut
1351 4598 1461 4668 omnia
1477 4607 1637 4692 quantum

207 4727 325 4796 exinde
349 4728 479 4796 vincere
502 4735 534 4796 et
558 4725 677 4797 habere
702 4726 904 4819 potuerimus
921 4750 979 4820 per
1003 4729 1240 4824 qualecumque
1256 4729 1389 4798 modum
1413 4750 1472 4797 nos
1494 4736 1549 4794 aut
1570 4749 1638 4819 po-

206 4851 301 4920 steris
324 4849 450 4920 nostris.
479 4851 660 4920 nullatcnus
678 4873 737 4919 vos
754 4861 809 4920 ant
833 4853 970 4944 posteris
985 4853 1101 4925 vestris
1117 4855 1169 4925 vel
1185 4853 1369 4923 nominatus
1386 4863 1514 4922 sanctus
1532 4868 1637 4924 vester

210 4977 424 5050 monasterius
448 5002 508 5050 nos
532 4990 588 5049 aut
611 4978 750 5072 posteris
773 4979 890 5050 nostris
914 4981 968 5054 nel
1004 4983 1188 5054 nominatus
1217 4991 1345 5052 sanctus
1377 4991 1485 5052 noster
1521 5003 1637 5050 mona-
