4616 6532
665 593 732 656 xn
786 571 792 581 '

665 743 872 858 perinde,
903 778 951 835 ac
979 748 1120 835 evenit
1147 747 1192 830 in
1220 773 1270 830 eo
1299 742 1589 833 doctrinarum
1617 771 1791 854 genere,
1822 765 1931 858 quae
1950 775 1973 830 e
1992 775 2088 862 pro·

666 889 800 1000 posita
829 889 908 974 sibi
936 905 1114 975 naturae
1143 887 1283 998 legum
1311 886 1576 996 vestigatione
1606 886 1732 996 vulgo
1761 883 1987 971 naturales
2006 915 2089 997 ap-

665 1029 815 1140 pellari
843 1029 1008 1132 solent,
1037 1057 1210 1116 suorum
1237 1046 1580 1140 argumentorum
1609 1059 1686 1142 ope
1715 1060 1766 1114 ex
1796 1033 1977 1143 antiquis
2016 1060 2087 1115 cc-

666 1168 864 1278 dicibus,
895 1170 1142 1288 diplomatis,
1174 1203 1223 1258 ac
1250 1173 1539 1260 instrumentis
1566 1171 1693 1258 modo
1712 1173 1807 1277 hoc,
1831 1171 1957 1258 modo
1981 1173 2087 1258 illud

666 1314 907 1425 singillatim
945 1345 994 1400 ac
1021 1315 1164 1402 sedulo
1191 1317 1531 1428 contemplatur,
1579 1315 1702 1402 etde
1731 1343 1881 1402 eorum
1911 1318 2086 1405 veritate

669 1459 820 1542 certior
847 1457 991 1568 facta,
1019 1489 1129 1572 quae
1156 1457 1254 1546 inde
1281 1479 1621 1573 consequantur,
1653 1461 1814 1548 ratione
1843 1457 1948 1544 duce
1985 1485 2088 1542 cum

668 1599 761 1684 aliis
789 1622 1036 1715 comparat,
1067 1601 1278 1708 adstruit,
1309 1631 1357 1686 ac
1384 1600 1540 1686 firmat.
1572 1603 1657 1686 Res
1686 1630 1787 1686 vero
1816 1600 1897 1686 hac
1927 1603 2086 1688 ratione

667 1741 723 1826 ad
750 1744 967 1831 obrussam
996 1744 1127 1830 veluti
1154 1763 1318 1832 exactas
1345 1746 1436 1858 ipsa
1463 1743 1660 1831 historiae
1687 1743 1850 1850 tradit,
1900 1765 1946 1830 ut
1979 1745 2085 1830 haec

664 1882 864 1968 conficere
892 1882 989 1969 inde
1017 1887 1274 1972 narrationes
1305 1887 1464 1998 possit,
1509 1913 1620 1996 quae
1658 1913 1743 1972 non
1787 1883 1968 1972 obducto
1997 1886 2088 1971 veri

667 2025 887 2113 simulacro
928 2056 977 2112 ac
1017 2031 1188 2113 nomine
1230 2026 1376 2112 fucum
1416 2027 1569 2114 animis
1606 2027 1756 2112 nostris
1793 2024 1977 2136 iaciant,
2017 2024 2089 2112 sed

669 2167 841 2252 omnino
871 2194 970 2251 cmn
998 2168 1175 2253 veritate
1214 2185 1459 2280 congruant.

781 2309 981 2424 Namque
1009 2315 1119 2397 inter
1146 2311 1341 2398 universa
1368 2341 1449 2417 ea,
1494 2311 1645 2425 quibus
1683 2311 1838 2422 indiget
1879 2311 2085 2419 historia,

670 2470 720 2535 ut
748 2454 933 2539 numeris
949 2455 1143 2541 omnibus
1171 2459 1222 2540 sit
1250 2455 1456 2560 absoluta,
1479 2454 1586 2540 illud
1605 2455 1778 2570 quidem
1797 2457 1984 2570 principe
2002 2457 2093 2544 loco

670 2597 971 2684 recensendum
1012 2601 1133 2686 nobis
1183 2596 1380 2707 videtur,
1425 2601 1632 2685 nimirum
1679 2630 1821 2688 rerum
1870 2602 2094 2688 veritatem

669 2763 801 2852 quam
829 2739 1017 2826 maxima
1045 2739 1137 2826 fieri
1164 2761 1291 2855 queat
1320 2743 1583 2828 accuratione
1627 2771 1846 2828 excussam
1885 2744 2093 2856 prodere,

672 2878 799 2994 idque
846 2913 896 2967 eo
936 2883 1087 2969 maiori
1133 2884 1326 2994 religione
1368 2883 1625 2997 explendum
1672 2902 1766 2990 est,
1816 2883 1931 2997 quod
1979 2915 2093 2970 secus

669 3019 759 3108 fieri
786 3051 874 3107 non
901 3042 1071 3136 potest,
1103 3041 1152 3109 ut
1181 3029 1263 3110 sint
1290 3026 1395 3112 bene
1423 3027 1589 3139 provisa
1619 3045 1661 3112 et
1689 3025 1905 3138 explorata
1934 3029 2094 3140 princi-

669 3165 755 3278 pia,
778 3191 887 3275 quae
913 3164 969 3249 ad
998 3163 1223 3250 hominum
1249 3167 1387 3251 vitam
1414 3183 1522 3251 recte
1549 3165 1861 3254 informandam
1889 3198 1942 3256 ex
1971 3169 2096 3257 histo-

670 3310 733 3394 ria
761 3309 1006 3414 eliciuntur,
1028 3330 1068 3396 et
1097 3311 1260 3424 abipsa
1288 3330 1488 3397 naturam
1520 3341 1568 3398 ac
1597 3312 1749 3398 faciem
1776 3312 2093 3426 quodammodo

670 3469 935 3538 mutuantur.
967 3457 1031 3541 Ut
1059 3483 1158 3542 vero
1191 3455 1236 3541 id
1269 3456 1404 3568 operis
1446 3485 1578 3570 quarn
1613 3455 1923 3568 diligentissime
1959 3457 2097 3544 absol·-

671 3613 830 3700 vatur,
874 3593 1069 3682 historiae
1109 3607 1378 3712 summopere
1417 3596 1615 3713 opitulari
1658 3598 1811 3685 debent
1851 3596 2093 3714 disciplinae

671 3767 829 3844 omnes,
850 3769 899 3824 ac
918 3741 1139 3854 praecipue
1167 3741 1250 3828 Res
1269 3743 1581 3856 Diplomatica,
1611 3743 1861 3856 quibuscum
1882 3745 1969 3856 ipsa
1990 3773 2096 3858 quo-

672 3876 770 3964 dam
800 3881 1052 3988 cognationis
1080 3883 1253 3969 vinculo
1282 3885 1536 3969 continetur.
1568 3883 1659 3967 Ubi
1694 3887 1808 3970 enim
1849 3891 2095 3999 praesentis-

671 4020 828 4103 simum
856 4018 956 4103 inde
983 4039 1106 4110 nacta
1134 4019 1259 4107 fuerit
1286 4023 1497 4109 auxilium
1510 4087 1523 4130 ,
1554 4025 1788 4135 ingentibus
1807 4053 1904 4112 sane
1932 4027 2096 4116 viribus

672 4162 903 4275 opibusque
922 4161 1186 4280 locupletata,
1204 4191 1303 4255 vera
1321 4197 1492 4281 prorsus
1511 4171 1653 4254 omnia
1674 4201 1696 4254 e
1714 4187 1954 4283 temporum
1973 4189 2094 4258 vetu-

671 4305 850 4392 stiorum
870 4309 1052 4394 tenebris
1071 4331 1208 4416 eruet,
1231 4339 1363 4424 eaque
1382 4313 1579 4396 universo
1607 4309 1830 4397 bominum
1850 4314 1986 4423 generi
2004 4339 2098 4424 per·

670 4446 850 4536 fruenda
878 4451 1192 4567 suppeditabit,
1222 4457 1354 4542 instar
1382 4455 1568 4544 fluminis
1595 4455 1713 4563 Nili,
1754 4459 1830 4572 qui
1870 4476 2095 4572 postquam

671 4592 906 4678 minoribus
924 4595 1015 4680 aliis
1034 4597 1078 4681 in
1098 4625 1198 4684 eum
1217 4597 1523 4687 confluentibus
1542 4601 1738 4687 amnibus
1757 4604 1976 4709 succrevit,
1998 4602 2096 4718 plu·

669 4733 782 4818 rima
809 4763 1020 4847 aquarum
1049 4738 1093 4820 vi
1122 4741 1382 4854 propinquos
1409 4771 1526 4853 agros
1554 4741 1731 4850 irrigat,
1777 4742 2098 4858 uberrimasque

676 4871 825 4964 educat
852 4897 1032 4990 segetes,
1063 4882 1215 4996 quibus
1242 4885 1398 4998 passim
1426 4879 1552 4970 urbes
1580 4883 1764 4973 alantur.
