4658 6508
893 657 1012 751 111

241 853 519 878 ............
539 811 607 882 loca
632 812 823 885 balusanum
847 826 879 890 et
903 815 1187 890 111111111111111
1217 842 1292 892 cum
1311 820 1476 892 arvortbtts
1492 819 1664 913 fructiferis

238 947 268 1002 et
298 935 508 1027 infructiferis
524 937 621 1010 simul
646 963 720 1012 cum
738 941 871 1012 introito
895 967 955 1015 suo
978 944 1193 1038 omnibusque
1211 947 1272 1016 sivi
1290 947 1479 1039 generaliter
1499 947 1667 1038 pertineo-

235 1058 318 1126 tibus
358 1109 583 1130 ..........
592 1063 632 1133 de
657 1073 741 1134 terra
757 1065 839 1135 mibi
862 1075 899 1135 111
923 1067 992 1138 dixi
1016 1067 1146 1138 obbenit
1171 1093 1189 1136 a
1209 1081 1388 1140 memorate
1406 1069 1620 1138 theodemandae
1636 1079 1665 1134 et

233 1183 335 1272 serpio
355 1206 413 1274 per
438 1199 620 1257 menecrates
645 1188 799 1259 chartulas
814 1190 1065 1284 comparationis
1090 1215 1188 1284 quam
1206 1193 1291 1284 apud
1314 1213 1367 1262 me
1392 1191 1496 1261 babeo
1505 1238 1657 1259 .......

242 1358 421 1382 ........
421 1402 423 1408 Ι
437 1324 761 1383 ...,........11
784 1315 923 1408 qualiter
946 1317 1104 1410 predictas
1128 1315 1329 1387 coherentins
1346 1317 1545 1387 circumdant
1571 1341 1588 1382 a
1614 1339 1666 1384 me

237 1437 297 1504 tibi
321 1439 539 1508 venumdatum
562 1455 591 1508 et
616 1441 770 1510 traditum
794 1439 827 1508 in
852 1449 907 1510 1111
932 1439 1060 1536 tuisque
1076 1440 1250 1512 heredibus
1274 1442 1316 1512 sit
1337 1451 1493 1536 potestate
1508 1439 1667 1535 quidquid

236 1561 353 1630 exinde
377 1563 482 1633 facere
507 1563 676 1634 volueritis
704 1579 732 1634 et
756 1587 851 1658 neque
871 1589 955 1637 ome
971 1581 1138 1637 memorato
1162 1567 1274 1636 1111111
1292 1592 1397 1662 neque
1422 1593 1440 1636 a
1464 1565 1544 1638 meis
1566 1565 1667 1635 bere—

236 1688 332 1760 dibus
357 1712 417 1758 ucc
442 1717 460 1759 1
484 1692 578 1761 nobis
603 1693 747 1786 personis
778 1693 954 1764 summissis
986 1695 1079 1766 nullo
1104 1711 1237 1787 tempore
1263 1745 1556 1765 .............
1574 1704 1666 1786 petro

233 1813 454 1887 cintimulario
491 1827 547 1886 aut
577 1818 712 1889 heredes
736 1821 784 1890 tui
809 1817 950 1888 habeatis
973 1820 1091 1890 exinde
1119 1821 1292 1913 aliquando
1320 1843 1525 1914 quecumque
1552 1819 1668 1910 requi-

233 1943 384 2012 sitionem
409 1952 465 2012 aut
488 1943 634 2014 molestia
658 1944 700 2012 ha
729 1968 816 2014 nunc
848 1957 880 2015 et
917 1946 949 2014 in
983 1945 1145 2038 perpetuis
1169 1944 1376 2038 temporibus.
1412 1946 1545 2036 Insuper
1579 1945 1668 2012 omni

233 2078 380 2159 tempore
405 2090 467 2161 ego
492 2077 525 2137 et
548 2068 681 2138 heredes
706 2071 771 2139 mei
798 2069 855 2138 tibi
881 2070 1009 2162 tuisque
1024 2069 1198 2140 heredibus
1223 2071 1340 2140 exinde
1365 2069 1405 2137 ab
1429 2070 1518 2138 omni
1536 2069 1668 2138 homine

235 2193 389 2283 omnique
405 2214 541 2282 persona
566 2193 600 2262 in
624 2193 776 2263 omnibus
801 2202 958 2268 antestare
979 2204 1011 2262 et
1028 2195 1192 2264 defensare
1209 2192 1428 2286 promittimus
1443 2194 1563 2284 absque
1580 2193 1668 2260 omni

234 2331 341 2389 vestra
360 2321 575 2391 damnietate:
603 2345 662 2413 pro
688 2345 727 2392 11
753 2323 841 2415 quod
867 2321 900 2389 in
917 2322 1057 2413 presenti
1074 2323 1183 2413 accepi
1204 2347 1220 2390 1
1239 2332 1269 2392 11
1294 2323 1410 2392 exinde
1434 2323 1498 2391 hoc
1524 2333 1573 2394 est
1598 2323 1668 2391 auri

235 2445 355 2515 solidos
381 2445 526 2539 quinque
544 2445 726 2538 bytianteos
750 2457 786 2515 111
802 2448 886 2516 inter
911 2446 1003 2514 nobis
1024 2445 1208 2518 combenit:
1227 2447 1458 2518 Verumtamen
1482 2448 1568 2516 stetit
1585 2447 1669 2514 inter

234 2573 328 2643 nobis
363 2595 424 2666 pro
450 2583 628 2643 memorata
662 2574 823 2645 chartulas
856 2574 1104 2668 comparationis
1129 2599 1201 2645 mee
1225 2599 1326 2667 quam
1361 2577 1447 2667 apud
1480 2598 1532 2645 me
1567 2573 1671 2644 habeo

244 2701 483 2793 ..quandoque
507 2701 567 2769 tibi
594 2700 723 2792 tuisque
747 2700 920 2772 heredibus
939 2724 1067 2771 necessa
1091 2702 1191 2772 luerit
1215 2711 1291 2771 tunc
1321 2701 1411 2770 omni
1436 2710 1581 2792 tempore
1607 2723 1668 2791 ego

234 2837 268 2897 11
291 2826 426 2897 heredes
444 2827 509 2896 mei
534 2826 591 2895 tibi
615 2826 744 2918 tuisque
768 2824 940 2896 heredibus
964 2825 1018 2894 illa
1035 2826 1227 2896 hostendere
1246 2825 1399 2918 promitto
1416 2825 1473 2895 ubi
1490 2827 1581 2896 vobis
1606 2849 1670 2896 ne-

237 2971 326 3018 cessa
351 2949 449 3018 luerit
473 2971 569 3018 causa
594 2948 735 3017 finiendo
758 2947 881 3015 nullam
907 2947 1000 3016 vobis
1031 2949 1193 3017 mittentes
1225 2949 1426 3017 occasionem
1458 2971 1516 3040 per
1546 2949 1671 3018 nullum

237 3076 374 3145 modum
399 3097 459 3144 nec
483 3097 541 3164 per
565 3071 742 3141 summissis
766 3071 931 3164 personis:
958 3073 992 3142 Si
1019 3083 1126 3142 autem
1150 3094 1213 3165 ego
1238 3072 1290 3142 vel
1315 3071 1448 3143 heredes
1465 3073 1529 3142 mei
1553 3075 1669 3165 quovis

239 3210 386 3292 tempore
412 3207 524 3266 contra
559 3194 642 3264 hanc
678 3194 856 3265 chartulam
881 3197 1076 3267 venditionis
1110 3207 1148 3266 ut
1180 3219 1276 3288 super
1307 3197 1426 3288 legitur
1454 3197 1565 3268 venire
1590 3221 1670 3290 pre-

238 3325 449 3394 sumserimus
486 3332 519 3393 et
542 3321 676 3394 minime
701 3321 983 3414 adimpleverimus
1007 3323 1067 3392 bec
1092 3323 1200 3392 omnia
1234 3334 1410 3393 memorata
1443 3346 1501 3416 per
1524 3324 1670 3416 quolibet

238 3451 373 3520 modum
396 3455 452 3519 aut
475 3449 651 3518 summissis
666 3450 812 3542 personis
837 3459 913 3520 tunc
937 3451 1162 3542 componimus
1180 3449 1237 3519 tibi
1253 3451 1381 3544 tuisque
1398 3450 1571 3521 heredibus
1597 3451 1668 3520 auri

242 3578 362 3648 solidos
398 3577 654 3672 vigintiquatuor
690 3577 880 3671 bytianteos.
918 3588 951 3647 11
988 3577 1049 3650 hec
1082 3577 1228 3648 chartula
1260 3578 1454 3648 venditionis
1495 3588 1533 3647 ut
1570 3601 1665 3672 super

240 3705 360 3797 legitur
384 3707 425 3777 sit
448 3707 540 3776 1111111
564 3708 681 3800 scripta
706 3731 765 3800 per
794 3709 910 3778 andrea
936 3707 1067 3775 curialis
1092 3731 1151 3798 per
1171 3717 1348 3774 memorata
1373 3715 1462 3775 sexta
1490 3706 1665 3775 indictione

241 3827 305 3896 hoc
329 3828 457 3919 signum
480 3827 639 3921 †manus
663 3829 776 3898 trasari
801 3851 864 3920 ego
887 3829 945 3921 qni
970 3839 1166 3897 memoratos
1189 3851 1249 3920 pro
1275 3851 1314 3897 eo
1338 3827 1511 3920 subscripsi
1537 3839 1568 3896 et
1596 3851 1672 3896 me-

241 3963 387 4022 moratos
411 3951 531 4020 sobdos
553 3952 689 4021 traditos
714 3951 791 4022 vidi.

336 4071 367 4165 †
390 4076 461 4165 Ego
483 4084 594 4166 petrus
618 4073 704 4142 filius
726 4073 850 4143 domini
873 4072 1048 4142 theofilacti
1065 4073 1235 4166 presbiteri
1259 4085 1427 4167 rogatusa
1452 4077 1671 4169 suprascripto

241 4199 356 4268 trasnri
380 4199 453 4268 testi
477 4198 650 4292 subscripsi
675 4209 707 4268 et
731 4200 964 4292 suprascriptos
989 4199 1109 4270 sobdos
1132 4201 1266 4270 traditos
1288 4201 1365 4272 bidi.

339 4321 370 4417 †
393 4327 466 4417 Ego
490 4325 662 4418 gregorius
685 4325 770 4396 filius
799 4325 923 4398 1111111111
958 4327 1086 4397 decibili
1116 4339 1248 4421 rogatus
1273 4355 1291 4398 1
1315 4329 1532 4423 suprascripto
1559 4331 1670 4399 trasari

242 4449 317 4520 testi
342 4448 516 4542 subscripsi
539 4457 574 4520 11
597 4449 812 4542 suprascripto
837 4449 957 4520 solidos
980 4451 1116 4521 traditos
1139 4452 1206 4521 bidi
1223 4451 1265 4546 †.

339 4576 466 4672 †Ego
490 4587 601 4672 petrus
624 4577 711 4648 1111111
737 4579 859 4648 domini
884 4579 1009 4649 mastali
1033 4591 1166 4674 rogatus
1190 4607 1210 4651 a
1229 4580 1445 4674 suprascripto
1461 4583 1573 4652 trasari
1599 4585 1672 4654 testi

243 4705 416 4798 subscripsi
440 4714 474 4776 et
496 4705 729 4806 suprascriptos
753 4705 874 4775 solidos
897 4706 1031 4776 traditos
1054 4707 1123 4778 bidi

340 4834 465 4928 †llgo
489 4835 619 4907 Andreu
642 4833 773 4905 1111111111
797 4833 959 4929 complevi
981 4843 1015 4905 et
1048 4835 1172 4906 absolvi
1202 4836 1255 4907 dic
1283 4844 1316 4908 11
1339 4835 1516 4908 indictione
1541 4859 1672 4908 memo-

245 4967 314 5032 rata
338 4967 437 5031 sexta.
