4658 6508
895 518 1023 617 (4⁵)

240 673 384 747 chartula
407 675 606 749 liberationis
628 675 761 748 illorum
785 680 950 753 continere
973 684 1145 755 videntur:
1170 686 1313 780 primum
1338 684 1485 758 omnium
1513 685 1667 780 promitto

239 805 298 874 tibi
321 815 502 876 memorato
525 831 640 878 mauro
664 807 781 877 colono
804 809 944 900 genitori
968 833 1042 880 meo
1065 821 1102 881 ut
1125 837 1143 882 a
1167 836 1252 884 nunc
1276 825 1309 884 et
1323 813 1469 906 deinceps
1486 837 1666 908 numquam

236 955 424 1026 presummo
447 955 509 1025 ego
532 933 584 1004 vel
607 933 672 1005 mei
695 933 829 1004 heredes
852 943 908 1003 aut
930 932 1104 1005 habeamus
1138 936 1300 1008 licentiam
1329 947 1507 1008 memorata
1539 940 1667 1010 uvisel-

237 1059 333 1129 truda
357 1069 390 1129 et
412 1081 486 1129 rosa
510 1082 568 1130 seu
590 1058 683 1128 leone
706 1057 842 1128 famulas
865 1067 899 1130 et
921 1059 1043 1129 famulo
1067 1069 1125 1130 tuo
1148 1070 1180 1131 et
1202 1061 1335 1133 heredes
1359 1063 1490 1132 illorum
1506 1086 1564 1156 per
1579 1087 1668 1158 qua-

236 1186 408 1281 lecumque
442 1188 577 1258 modum
611 1185 775 1256 servitutis
809 1209 945 1279 querere
967 1209 1073 1280 neque
1096 1189 1135 1258 de
1159 1189 1268 1259 omnia
1292 1197 1448 1282 quantum
1476 1193 1516 1262 ad
1540 1191 1585 1260 eis
1608 1214 1668 1262 re-

237 1313 383 1409 linquere
407 1313 620 1407 spopondistis
643 1315 737 1384 sicuti
761 1311 801 1382 ad
825 1313 870 1384 eis
906 1314 1070 1387 continere
1105 1316 1233 1387 videtur
1267 1327 1445 1388 memorata
1483 1318 1666 1389 firmissima

237 1441 382 1510 chartula
405 1440 603 1510 liberationis
625 1464 724 1535 quam
749 1450 784 1513 tu
809 1443 849 1512 ad
873 1441 919 1514 eis
942 1443 1060 1514 fecistis
1084 1445 1139 1515 sed
1161 1453 1234 1537 post
1256 1455 1350 1514 tuum
1373 1446 1544 1516 transitum
1558 1445 1621 1514 illis
1634 1455 1667 1514 et

237 1565 369 1638 heredes
394 1587 509 1636 eorum
532 1566 641 1637 liberis
665 1575 698 1636 et
721 1567 874 1638 absolutis
896 1579 1104 1661 permaneant
1127 1592 1202 1638 cum
1226 1571 1335 1639 omnia
1359 1581 1517 1664 quantum
1553 1573 1593 1642 ad
1618 1571 1664 1642 eis

235 1693 418 1788 relinquere
440 1694 653 1788 spopondistis
677 1695 745 1765 sine
768 1695 858 1765 omni
881 1719 953 1766 mea
976 1696 1197 1789 heredumque
1232 1719 1380 1768 meorum
1415 1699 1593 1790 querellam
1629 1697 1664 1765 in

235 1833 450 1914 perpetuum;
477 1825 611 1916 iusuper
633 1823 789 1917 promitto
827 1822 887 1892 tibi
922 1833 960 1894 ut
997 1849 1015 1893 a
1049 1825 1147 1895 modo
1178 1835 1210 1894 et
1234 1825 1357 1894 cunctis
1382 1825 1493 1896 diebus
1517 1827 1583 1896 vite
1606 1837 1663 1896 tue

237 1949 328 2020 omni
352 1975 457 2022 annue
481 1951 540 2020 tibi
563 1961 743 2022 memorato
766 1975 881 2022 mauro
905 1953 1038 2023 domiuo
1061 1960 1094 2022 et
1116 1951 1255 2044 genitori
1279 1975 1353 2022 meo
1377 1953 1481 2024 lacere
1506 1955 1664 2046 promitto

235 2101 293 2146 sex
316 2101 429 2170 operas
453 2078 493 2146 ad
516 2101 649 2148 manum
672 2087 737 2149 tres
760 2101 839 2150 vero
862 2078 1041 2148 bernoticas
1066 2089 1098 2150 et
1121 2102 1185 2148 una
1208 2079 1243 2148 in
1266 2078 1375 2171 magio
1398 2101 1507 2149 mense
1544 2089 1576 2149 et
1599 2103 1664 2150 una

237 2206 277 2274 ad
302 2214 422 2275 metere
447 2217 480 2274 et
503 2205 564 2274 alia
588 2205 629 2274 ad
653 2205 857 2276 vendemiare
880 2203 970 2274 nulla
993 2202 1052 2272 tibi
1075 2203 1166 2272 omni
1188 2227 1293 2275 annue
1317 2205 1441 2274 cunctis
1465 2204 1578 2275 diebus
1595 2206 1662 2276 vite

234 2344 290 2403 tue
313 2333 474 2402 mittentes
498 2331 719 2411 occasionem3
746 2331 774 2400 si
797 2341 905 2404 autem
920 2339 952 2400 et
968 2340 1078 2399 contra
1094 2331 1178 2400 hanc
1192 2330 1370 2400 chartulam
1386 2332 1565 2402 securitatis
1577 2354 1663 2424 pro-

235 2460 461 2554 missionisque
485 2469 522 2529 ut
544 2481 641 2551 super
665 2457 783 2549 legitur
806 2481 867 2550 ego
891 2457 944 2527 vel
975 2457 1039 2529 mei
1072 2457 1206 2529 heredes
1239 2458 1350 2529 venire
1379 2459 1666 2552 presumpserimus

237 2597 269 2658 et
292 2587 327 2656 in
350 2585 471 2679 aliquid
495 2583 725 2656 offenderimus
748 2608 806 2677 per
830 2583 947 2678 quovis
970 2585 1105 2654 modum
1129 2593 1184 2652 aut
1207 2585 1376 2654 summissa
1400 2607 1570 2676 personam
1607 2593 1664 2653 aut

238 2711 265 2781 si
289 2712 422 2782 minime
446 2713 571 2781 cunctis
594 2711 707 2782 diebus
730 2711 796 2780 vite
819 2719 874 2780 tue
898 2709 958 2779 tibi
981 2712 1088 2780 fecero
1112 2709 1304 2779 memoratas¹
1327 2732 1385 2779 sex
1401 2731 1514 2802 operas
1528 2711 1567 2779 ad
1586 2731 1663 2778 ma-

237 2860 317 2907 num
340 2837 478 2930 qualiter
501 2835 649 2929 superius
673 2832 731 2903 tibi
755 2833 888 2927 promisi
912 2843 989 2904 tunc
1012 2856 1161 2926 conpono
1184 2831 1243 2900 tibi
1270 2840 1302 2903 et
1326 2833 1366 2902 ad
1394 2840 1572 2903 memorata
1592 2830 1665 2900 uvi-

237 2964 377 3034 seltruda
400 2971 433 3033 et
456 2965 496 3035 ad
530 2961 672 3055 predicta
706 2984 779 3030 rosa
815 2983 871 3030 seu
895 2968 928 3030 et
951 2960 991 3029 ad
1014 2967 1229 3029 memoratum
1251 2957 1379 3026 leonem
1403 2967 1435 3027 et
1458 2957 1499 3026 ad
1533 2957 1665 3025 illorum

236 3088 408 3159 heredibus
431 3095 504 3180 post
527 3096 619 3155 tuum
643 3085 814 3156 transitum
836 3079 946 3156 liberis
969 3084 1003 3154 in
1026 3087 1177 3156 omnibus
1199 3083 1395 3155 confirmatis
1430 3105 1492 3174 ego
1529 3091 1562 3154 et
1595 3081 1662 3152 mei

236 3213 371 3285 heredes
395 3236 588 3306 componere
611 3211 798 3304 spondimus
822 3211 893 3278 auri
917 3209 1036 3278 solidos
1064 3209 1196 3301 triginta
1230 3232 1288 3278 sex
1323 3207 1501 3299 bytianteos
1537 3215 1570 3278 et
1604 3206 1666 3278 hec

237 3342 390 3412 securitas
413 3348 451 3409 ut
474 3362 570 3432 super
593 3339 713 3430 legitur
736 3339 863 3408 firmam
887 3347 1093 3430 permaneant
1123 3337 1157 3405 in
1181 3345 1398 3429 perpetuum;
1427 3334 1578 3428 scriptam
1605 3357 1664 3427 per

236 3491 369 3538 manum
393 3467 530 3537 Iohanni
553 3467 683 3537 curialis
707 3475 740 3536 et
762 3465 920 3535 scriniarii
943 3487 1001 3558 per
1026 3463 1201 3534 indictione
1228 3471 1406 3532 memorata
1430 3461 1570 3532 secunda

335 3596 408 3664 Hoc
431 3593 560 3684 signum
578 3591 734 3686 †manus
757 3589 927 3660 memorati
943 3588 1088 3680 stephani
1105 3585 1163 3682 qui
1177 3610 1273 3680 super
1289 3611 1407 3658 nomen
1423 3587 1666 3657 mannociolum

239 3721 298 3815 qui
321 3719 430 3790 omnia
453 3727 631 3788 memorata
655 3715 854 3787 consentiens
877 3724 911 3784 et
933 3724 1028 3784 testes
1051 3725 1088 3782 ut
1111 3712 1348 3783 subscriberent
1380 3733 1462 3802 rogo
1490 3712 1578 3804 quod
1604 3734 1665 3801 ego

243 3844 301 3938 qui
317 3851 515 3915 memoratus
538 3864 599 3934 pro
623 3862 698 3910 eum
723 3835 897 3930 subscripsi

239 4329 367 4374 caeteros
388 4313 609 4374 Saracenorum
636 4312 789 4374 adventus
815 4311 1097 4373 aerumnosissimus
1126 4312 1258 4373 babetur
1289 4311 1369 4386 ille,
1402 4331 1464 4392 quo
1491 4327 1584 4388 genus
1603 4305 1664 4364 boe

239 4426 401 4485 hominum
422 4425 709 4484 immanissimorum
730 4425 860 4483 abeunte
879 4420 1002 4483 saeculo
1023 4423 1080 4483 lx.
1101 4423 1182 4502 apud
1203 4423 1299 4483 Lirim
1320 4419 1474 4495 consedit,
1497 4417 1577 4480 unde
1597 4436 1660 4475 non

238 4540 330 4598 modo
353 4537 558 4610 nostratibus,
589 4535 642 4594 sed
666 4535 842 4595 Christianis
871 4538 1022 4597 universis
1051 4535 1215 4596 miserrima
1245 4537 1346 4596 omnia
1365 4533 1593 4604 minitabatur,
1626 4547 1662 4590 ao

237 4650 397 4732 plerosque
427 4648 514 4709 bello
545 4663 645 4730 captos
678 4649 850 4707 luctuosam
881 4648 913 4706 in
942 4651 1126 4710 servitutem
1157 4648 1302 4724 adigebat.
1333 4649 1378 4708 db
1404 4647 1487 4707 hisce
1507 4641 1663 4705 Saracenis

239 4764 363 4824 sortasse
383 4764 477 4843 empti
499 4762 621 4821 lucrant
641 4760 778 4836 famuli,
811 4781 889 4842 quos
917 4763 949 4821 in
977 4763 1156 4826 libertatem
1177 4761 1369 4824 vindicatum
1398 4761 1437 4823 iri
1465 4759 1526 4820 hoc
1546 4759 1663 4817 instru-

240 4890 346 4937 mcnto
367 4871 449 4932 lilius
470 4871 591 4954 parenti
613 4883 708 4930 cavet.
