4616 6532
695 661 790 718 xxx

696 807 876 892 tenebris
906 803 1127 889 damnatae
1155 799 1319 885 tamdiu
1349 800 1580 884 iacuissent.
1609 798 1772 902 Quibus
1801 795 1852 882 de
1882 798 2013 882 causis
2033 799 2130 882 nul-

695 949 737 1034 la
769 946 981 1032 interiecta
1008 971 1129 1026 mora
1158 970 1263 1052 opus
1295 937 1459 1048 aggredi
1491 940 1739 1043 statuimus,
1782 938 1897 1052 quod
1937 958 2129 1024 nostrum

695 1089 932 1177 Archivum
961 1084 1218 1170 nobilissimo
1247 1081 1399 1194 cuique
1427 1081 1688 1194 reliquarum
1715 1080 1902 1189 gentium
1921 1081 2130 1167 tabulario

695 1232 932 1346 comparari
960 1257 1078 1342 posse
1106 1228 1302 1312 omnibus
1330 1245 1564 1312 testaretur.
1598 1225 1966 1337 Andagavensium
1995 1256 2131 1310 mem·

695 1380 926 1462 branarum
954 1374 1168 1485 Syllabas,
1191 1373 1309 1457 cuius
1328 1389 1447 1457 terna
1466 1373 1553 1456 iam
1572 1369 1789 1454 volumina
1809 1370 1853 1452 in
1873 1369 2012 1454 lucem
2031 1399 2131 1482 pro-

698 1524 895 1626 dierunt,
927 1549 1025 1604 eum
1055 1550 1133 1625 ea,
1165 1549 1250 1633 qua
1278 1549 1383 1632 opus
1410 1537 1498 1624 est,
1530 1517 1736 1628 diligentia
1755 1515 2023 1622 conficiatur,
2044 1520 2132 1602 col-

698 1661 935 1748 laudandus
955 1660 1129 1773 quidem
1147 1661 1265 1744 nobis
1286 1660 1398 1745 visus
1418 1678 1497 1770 est3
1519 1657 1591 1743 sed
1611 1689 1715 1769 opus
1729 1679 1921 1743 nostrum
1935 1658 2129 1770 ampliori

696 1805 831 1889 forma
852 1801 1135 1886 inchoandum
1164 1831 1248 1886 esse
1275 1803 1502 1906 sensimus,
1533 1819 1580 1882 ut
1609 1800 1704 1883 satis
1732 1797 1867 1884 facere
1895 1819 2030 1912 posset
2057 1831 2128 1884 eo-

697 1977 798 2032 rum
819 1943 1051 2048 desiderio,
1086 1947 1161 2058 qui
1189 1945 1269 2029 hoe
1301 1946 1563 2029 lautitiarum
1592 1973 1719 2052 genus
1746 1965 2066 2058 persequuntur.

810 2093 924 2176 Nam
953 2109 1146 2174 veterum
1176 2109 1546 2174 monumentorum
1564 2091 1765 2202 epitome,
1786 2090 1982 2202 quamvis
2010 2118 2129 2172 sum-

701 2264 818 2318 mam
849 2234 976 2319 fidem
1003 2234 1280 2348 praeseferat,
1317 2238 1464 2349 nequit
1496 2255 1638 2320 tamen
1673 2265 1722 2317 ea
1755 2233 1975 2318 commoda
2005 2233 2133 2318 affer-

700 2405 745 2458 re
757 2439 769 2476 ,
793 2405 901 2487 quae
931 2405 985 2458 ex
1017 2377 1211 2458 universo
1239 2374 1517 2486 diplomatum
1560 2407 1608 2459 ac
1636 2377 2010 2458 instrumentorum
2029 2405 2132 2460 con-

701 2537 836 2622 textu,
859 2519 931 2600 ubi
960 2519 1042 2602 suis
1071 2518 1241 2601 lectores
1260 2517 1388 2600 oeulis
1408 2519 1521 2601 hunc
1539 2519 1779 2600 intueantur
1799 2545 1848 2600 ac
1866 2515 2125 2628 expendant,

700 2687 872 2742 manare
900 2688 1017 2770 posse
1046 2677 1167 2742 antea
1195 2660 1479 2742 meminimus.
1513 2661 1781 2770 Quapropter
1824 2657 1929 2742 nihil
1958 2659 2076 2742 nobis
2105 2689 2129 2742 e

701 2801 956 2886 membranis
998 2830 1082 2884 non
1124 2798 1443 2884 exscribendum
1477 2827 1525 2883 ac
1556 2799 1665 2910 typis
1707 2797 2001 2884 mandandum
2044 2830 2127 2884 esse

700 2941 963 3046 censuimus,
994 2943 1195 3053 quoniam
1222 2940 1303 3025 hoc
1330 2960 1451 3054 paeto
1480 2941 1567 3026 fore
1595 2939 1869 3046 confidimus,
1892 2961 1939 3024 ut
1959 2971 2043 3025 non
2061 2973 2126 3030 so-

700 3087 791 3171 lum
818 3105 878 3173 tot
907 3111 955 3170 ac
983 3106 1073 3170 tam
1114 3089 1252 3172 variae
1295 3087 1542 3195 cognitiones
1585 3087 1861 3172 lectitantibus
1899 3088 2020 3197 vulgo
2049 3117 2128 3202 pa-

700 3247 844 3333 teant,
877 3258 1028 3313 verum
1056 3248 1097 3312 et
1126 3228 1373 3316 diuturnam
1402 3231 1627 3343 aliquando
1655 3234 1821 3344 explere
1841 3234 1954 3317 sitim
1972 3255 2129 3346 queant

702 3372 783 3453 riri
812 3371 972 3480 ingenio
1002 3401 1050 3456 ac
1079 3371 1266 3455 doctrina
1294 3371 1599 3480 florentissimi,
1632 3378 1706 3488 qui
1725 3377 1883 3487 singula
1903 3376 2130 3463 documen-

700 3533 842 3598 torum
871 3516 1003 3599 verba
1031 3546 1271 3628 pernoscere
1300 3515 1452 3603 frustra
1482 3518 1682 3604 hactenus
1709 3524 2037 3634 expostularunt.

813 3656 925 3740 Cum
945 3686 1045 3740 vero
1065 3657 1268 3741 immensa
1287 3658 1632 3746 membranarum
1650 3663 1855 3773 congeries
1875 3666 1918 3748 iu
1938 3685 2125 3750 nostrum

701 3794 779 3880 hoe
799 3797 1003 3908 Magnum
1032 3797 1269 3885 Arehivum
1288 3800 1580 3910 confluxisset,
1603 3805 1841 3890 incredibile
1861 3837 1991 3920 prope
2012 3807 2125 3891 dictu

699 3955 786 4039 est,
822 3959 1034 4050 quantum
1077 3942 1228 4026 laboris
1271 3945 1574 4030 exantlandum
1614 3948 1723 4052 fuit,
1769 3968 1997 4062 antequam
2027 3951 2125 4036 huic

699 4077 871 4161 editioni
899 4109 1050 4164 manus
1079 4079 1389 4168 admoveretur.
1420 4090 1535 4172 Nam
1553 4093 1716 4176 saeculo
1738 4093 1816 4175 hoc
1836 4095 2005 4178 ineunte
2025 4123 2126 4178 cum

699 4222 862 4306 abolitis
890 4224 1213 4336 quamplurimis
1242 4229 1548 4316 Monachorum
1588 4233 1816 4320 Ordinibus
1855 4237 2009 4322 horum
2028 4267 2127 4330 coe-

698 4365 823 4470 nobia
852 4365 948 4450 fisco
978 4368 1214 4454 adiudicata
1242 4373 1442 4480 fuissent,
1476 4375 1634 4463 lactum
1663 4399 1722 4464 est
1751 4401 1798 4466 ut
1827 4385 2121 4488 membranae,

699 4507 854 4616 quibus
881 4509 1127 4594 eorumdem
1157 4515 1364 4600 tabularia
1393 4522 1733 4628 exornabantur,
1763 4545 1950 4610 nostrum
1973 4526 2125 4612 Archi-

697 4677 803 4732 vum
832 4651 1135 4764 locupletarint.
1169 4659 1303 4743 Simul
1347 4690 1450 4766 eae,
1481 4691 1586 4776 quas
1619 4667 1808 4781 plerique
1843 4689 2042 4756 nostrates
2070 4670 2123 4754 li-

696 4797 817 4880 terati
846 4795 1035 4882 homines
1064 4803 1323 4916 antiquitatis
1350 4806 1488 4892 studio
1526 4810 1819 4921 conflagrantes
1858 4815 1970 4900 unde
2011 4815 2122 4900 unde

696 4939 1049 5050 conquisiverunt,
1076 4962 1116 5025 et
1145 4945 1398 5061 quandoque
1427 4979 1451 5033 e
1479 4953 1712 5037 miserrimo
1741 4959 1867 5042 exitio
1889 4983 2119 5066 servarant,
