4692 6512
1285 621 1297 715 (
1324 619 1428 714 1oe)

1312 903 1426 970 XLVI.

528 1212 580 1256 an·
739 1159 770 1254 †
794 1161 831 1230 ln
855 1159 988 1229 nomine
1013 1155 1139 1227 domini
1164 1152 1217 1224 dei
1241 1149 1410 1222 salvatoris
1426 1149 1531 1220 nostri
1559 1147 1652 1220 ibesu
1669 1148 1782 1218 christi
1803 1147 1981 1242 imperante
2006 1149 2072 1220 do-

522 1311 601 1380 947,
648 1287 739 1358 mino
763 1295 875 1356 nostro
892 1280 1102 1354 Constantino
1126 1277 1360 1372 porfirogenito
1380 1297 1502 1368 magno
1520 1274 1715 1367 imperatore
1740 1295 1824 1341 anno
1843 1271 2078 1344 tricesimam...

647 1437 705 1485 no.
722 1413 778 1485 sed
795 1419 828 1483 et
846 1432 981 1481 romano
997 1428 1116 1499 magno
1133 1403 1329 1498 imperatore
1346 1403 1416 1474 eius
1433 1401 1500 1471 filio
1518 1423 1602 1470 anno
1620 1399 1761 1470 secundo
1778 1397 1842 1494 (t).
1861 1399 1921 1468 Die
1936 1401 2076 1496 septima

650 1539 768 1610 mensis
802 1535 912 1608 martii
947 1533 1128 1605 indictione
1162 1509 1275 1624 quinta
1297 1527 1435 1622 neapoli.
1460 1529 1548 1596 Dum
1572 1525 1612 1596 ad
1645 1547 1741 1595 suum
1776 1523 1915 1595 uenisset
1948 1526 2076 1596 oritum

650 1667 783 1760 quidem
807 1665 981 1757 stephanus
1005 1661 1090 1731 filius
1128 1657 1261 1754 quidem
1290 1655 1435 1726 iohanni.
1471 1655 1636 1746 Disposuit
1671 1653 1764 1722 nobis
1798 1653 1950 1724 uidelicet
1985 1654 2072 1726 leoni

650 1792 719 1862 filio
749 1789 881 1883 quidem
899 1786 1024 1858 domini
1047 1784 1138 1854 boni.
1166 1794 1198 1854 et
1222 1782 1379 1875 stephano
1403 1781 1473 1850 thio
1491 1804 1549 1848 suo
1573 1789 1731 1874 quatenus
1758 1789 1831 1872 post
1855 1779 1925 1850 eius
1949 1781 2076 1852 ovitum

649 1923 776 2013 integra
800 1917 950 2012 portione
976 1939 1034 1986 sua
1059 1917 1098 1986 de
1124 1937 1187 1983 una
1211 1921 1298 1982 terra
1322 1935 1387 2004 que
1412 1919 1548 1980 vocatur
1584 1911 1625 1980 ad
1649 1909 1702 1978 illa
1726 1908 1889 1979 balnearia
1913 1910 2018 2002 posita
2041 1911 2076 1980 in

650 2059 768 2142 quarto
792 2046 915 2117 maiore
932 2043 979 2137 (t)
1006 2051 1038 2113 et
1062 2053 1144 2113 esset
1169 2040 1282 2110 offerta
1306 2062 1366 2132 pro
1391 2037 1498 2107 anima
1529 2061 1587 2108 sua
1611 2043 1645 2106 in
1668 2035 1865 2108 monasterio
1889 2047 2076 2108 sanctorum

731 2409 777 2491 (ι)
798 2410 884 2471 Prior
905 2412 1079 2472 membrana
1100 2426 1144 2471 est
1174 2413 1268 2485 baec,
1296 2411 1346 2470 ubi
1371 2411 1525 2469 Romanus
1547 2409 1734 2469 Constantini
1765 2409 2015 2490 Porphyrogeniti
2036 2410 2078 2470 fi-

652 2523 710 2582 lius
730 2536 922 2583 memoratur.
942 2525 1039 2584 Huius
1060 2523 1205 2604 Principis
1226 2542 1315 2582 annos
1337 2534 1455 2602 coeptos
1479 2541 1538 2581 esse
1572 2519 1713 2580 recenseri
1744 2541 1760 2578 a
1791 2521 1948 2600 septembri
1978 2543 2076 2583 mense

651 2634 719 2693 anrri
740 2633 799 2714 945
822 2631 909 2694 docet
928 2635 964 2694 A.
985 2632 1023 2692 de
1044 2632 1114 2692 Meo
1136 2631 1254 2714 (App.
1281 2632 1396 2691 cronol.
1426 2649 1496 2706 cap.
1520 2633 1571 2692 II.
1595 2641 1652 2689 art.
1675 2633 1715 2691 V.
1736 2631 1769 2715 ᾗ.
1791 2630 1848 2711 6).
1872 2632 2077 2712 Diligentissi-

652 2749 695 2808 mi
714 2745 836 2806 huiusce
857 2745 949 2806 nostri
971 2743 1149 2826 chronologi
1169 2746 1328 2804 sententiae
1351 2741 1575 2825 adstipulantur
1600 2759 1699 2804 nostra
1724 2744 1922 2820 documenta,
1945 2767 2076 2826 quorum

651 2879 746 2916 unum
767 2857 817 2918 die
838 2861 857 2922 6
878 2859 1052 2940 septembris
1072 2860 1214 2940 auni960
1235 2856 1392 2918 conditum
1406 2859 1580 2920 Romanum
1601 2857 1640 2918 ad
1653 2859 1820 2941 imperium
1841 2861 1992 2922 accessisse
2007 2875 2074 2943 post

653 2969 732 3030 diem
755 2971 773 3032 6
795 2971 967 3052 septembris
988 2971 1060 3031 anni
1080 2973 1140 3051 945
1162 2985 1309 3048 testatur,
1332 2971 1446 3052 quippe
1468 2991 1539 3032 curn
1561 2971 1622 3032 cius
1643 2991 1721 3030 anno
1741 2969 1804 3032 XV
1828 2968 1917 3032 suerit
1948 2993 2079 3054 praeno·

654 3093 760 3142 tatum.

732 3185 778 3269 (2)
798 3189 896 3248 Locus
916 3188 988 3263 hic,
1012 3188 1065 3269 qui
1085 3209 1166 3248 nunc
1188 3206 1309 3271 quoque
1330 3187 1491 3248 vernaculo
1505 3208 1638 3250 sermone
1654 3185 1828 3270 appellatur
1846 3191 1989 3266 Quarto,
2011 3193 2080 3252 Illa-

651 3319 726 3359 rano
747 3317 806 3357 non
826 3296 991 3358 admodum
1012 3296 1150 3374 dissitus,
1173 3297 1247 3358 olim
1267 3317 1379 3378 parvus
1398 3296 1454 3357 fuit
1474 3317 1577 3378 pagus.
1598 3298 1716 3358 Nomen
1729 3296 1848 3360 duxisse
1868 3319 1905 3362 ex
1919 3320 1977 3378 eo,
1994 3301 2079 3384 qnod

652 3427 744 3491 prope
765 3420 911 3487 quartum
924 3408 992 3468 viae
1007 3427 1172 3491 campanae
1193 3406 1328 3492 lapidem
1344 3408 1482 3470 conditus
1502 3424 1588 3488 erat,
1611 3425 1694 3471 ratus
1709 3425 1752 3471 est
1766 3411 1910 3474 Pratillus
1933 3413 2006 3495 (De
2020 3439 2080 3497 ap-

647 3523 712 3598 pia
732 3521 786 3580 aee
805 3541 886 3600 pag.
909 3521 971 3582 205
993 3519 1014 3602 ).
1038 3521 1077 3582 At
1098 3523 1152 3604 qui
1174 3523 1239 3584 lieri
1260 3537 1394 3606 poterat,
1426 3537 1461 3583 ut
1483 3538 1610 3606 quartus
1633 3526 1703 3586 inibi
1724 3525 1801 3607 lapis
1821 3541 1954 3604 extaret,
1982 3531 2005 3590 si
2026 3551 2079 3590 ne-

653 3632 727 3692 mini
747 3630 873 3693 dubium
894 3652 955 3695 esse
976 3635 1091 3716 possit,
1116 3635 1190 3714 quin
1210 3634 1248 3694 ab
1270 3633 1343 3695 urbe
1363 3633 1459 3694 Roma
1473 3635 1626 3696 numerari
1646 3637 1795 3718 coeperint
1815 3636 1987 3718 columnae,
2011 3643 2081 3722 qui-

651 3743 706 3803 bus
727 3741 869 3804 milliaria
891 3743 1136 3806 denotabantur?
1157 3746 1291 3806 Nominis
1313 3747 1404 3827 igitur
1425 3761 1547 3831 etymon
1569 3771 1610 3812 cx
1635 3751 1696 3813 alia
1721 3752 1848 3816 ductum
1874 3757 1934 3820 tuit
1965 3779 2078 3838 eausa,

653 3875 750 3935 quum
771 3854 917 3937 expiscari
937 3871 1039 3919 nostra
1059 3858 1127 3918 heic
1147 3876 1208 3917 non
1229 3860 1357 3920 interest.
1378 3859 1494 3921 Ibidem
1516 3864 1755 3946 quamplurimae
1781 3887 1866 3930 nunc
1884 3872 1988 3933 vineae
2009 3895 2083 3934 con-

652 3968 722 4028 sitae
755 3967 954 4044 invisuntur‚
982 3980 1011 4028 et
1041 3968 1111 4029 vina
1132 3989 1209 4051 quae
1230 3969 1299 4031 inde
1319 3971 1449 4032 ubertim
1480 3975 1665 4054 gignuntur,
1698 3998 1876 4062 magnopere
1908 3983 2080 4046 laudantur.

652 4078 836 4140 Huiusmodi
862 4077 1018 4140 vinearum
1038 4082 1249 4162 praestantiam
1271 4080 1323 4144 rel
1343 4082 1548 4146 Romanorum
1569 4088 1752 4170 temporibus
1775 4091 1870 4153 eidem
1891 4115 1963 4175 agro
1983 4097 2080 4162 obve-

652 4189 755 4265 nisse,
787 4211 822 4250 ac
853 4189 964 4252 idcirco
994 4193 1113 4253 Baccho
1144 4192 1309 4256 delubrum
1329 4195 1441 4256 ibidem
1461 4199 1549 4258 fuisse
1570 4201 1759 4263 aedificatum
1780 4208 1914 4286 opinatus
1934 4223 1976 4269 est
1997 4209 2078 4271 idem

652 4295 800 4359 Pratillus
821 4299 833 4381 (
852 4301 943 4378 Oper.
957 4301 1011 4360 cte.
1025 4319 1108 4378 pag.
1130 4303 1232 4384 206).
1253 4304 1324 4365 Non
1344 4326 1440 4387 pauca
1466 4306 1589 4388 quidem
1610 4329 1759 4372 marmora
1780 4311 1868 4372 illinc
1898 4314 2056 4379 eruderata
2067 4360 2081 4389 ,

652 4428 785 4492 quorum
813 4408 958 4471 blazaella
983 4411 1016 4470 in
1047 4433 1099 4472 sua
1120 4413 1278 4496 puteolana
1297 4416 1420 4476 historia
1441 4421 1626 4480 mentionem
1647 4420 1758 4498 babet,
1787 4424 1829 4483 ibi
1850 4424 1925 4486 olim
1945 4428 2080 4492 aedilicia

653 4521 762 4604 procul
783 4523 875 4586 dubio
904 4525 1032 4587 extitisse
1061 4526 1163 4609 palam
1189 4530 1331 4594 fecerunt.
1360 4530 1552 4596 Inferioribus
1573 4553 1663 4616 porro
1684 4535 1813 4599 sacculis
1833 4539 1986 4620 quoddam
2006 4545 2079 4605 inibi

652 4655 759 4697 nemus
778 4634 887 4715 fuisse,
915 4639 1082 4700 Guatdum
1102 4656 1339 4724 nuncupatum,
1367 4665 1402 4706 ac
1423 4645 1502 4705 inter
1522 4643 1782 4729 neapolitanorum
1811 4651 1985 4716 Antistitum
2010 4677 2081 4739 pos-

652 4745 792 4808 sessiones
805 4747 1008 4825 recensitum,
1030 4750 1266 4834 ecompluribus
1285 4753 1317 4814 S·
1340 4752 1505 4816 sebastiani
1524 4755 1713 4821 documentis
1733 4757 1895 4841 colligitur.
1914 4761 1993 4824 Dein
2006 4787 2081 4828 vero

653 4879 723 4919 cum
744 4861 884 4924 maiorem
904 4860 1186 4944 diligentioremque
1207 4863 1360 4927 culturam
1375 4867 1535 4930 universus
1549 4869 1600 4932 hic
1617 4874 1755 4949 Quartus
1769 4875 1951 4955 excepisset,
1967 4875 2083 4940 sactum

652 4985 695 5032 cst
713 5014 722 5048 ,
743 4985 779 5034 ut
798 4993 901 5035 nemus
914 4972 993 5035 illud
1015 4973 1114 5036 cultus
1135 4996 1205 5056 ager
1226 4978 1364 5039 evaserit.
1384 4977 1476 5039 Nunc
1499 4994 1560 5040 tota
1582 4983 1645 5062 ipsa
1666 5002 1716 5043 ora
1737 4984 1823 5048 brevi
1843 5002 2011 5051 assecutura
2031 4994 2082 5051 ri·
