4616 6532
1585 701 1663 760 xxr

233 845 410 956 singulas
438 844 528 930 illas
555 862 693 954 gentes
719 862 980 946 manarunt,
1013 872 1060 928 ac
1089 873 1173 927 non
1201 843 1327 929 modo
1356 847 1418 928 rei
1461 847 1661 930 litterato·

231 1017 327 1074 rum
357 990 582 1101 publicae,
613 1017 764 1072 verum
793 1008 832 1071 et
861 989 1030 1071 caeteris
1058 989 1181 1071 rebus
1210 989 1431 1094 omnibus,
1464 1020 1572 1105 quae
1603 989 1658 1076 ad

236 1132 529 1244 amplificanda
558 1133 769 1216 humanae
799 1133 909 1218 vitae
938 1130 1174 1236 commoda,
1198 1160 1246 1216 ac
1266 1132 1507 1216 beatitatem
1527 1137 1661 1220 maxi-

232 1304 402 1387 mopere
431 1276 701 1380 conducunt,
732 1275 967 1387 plurimum
994 1274 1254 1387 perfectionis
1283 1275 1525 1360 attulerunt.
1559 1281 1656 1364 Non

233 1447 346 1500 secus
375 1419 476 1502 olim
505 1421 704 1503 Graeciae
733 1420 944 1530 contigisse
972 1420 1193 1522 novimus,
1225 1421 1265 1502 in
1297 1449 1382 1532 qua
1411 1420 1478 1504 ille
1499 1423 1654 1508 artium

231 1590 281 1642 ac
311 1560 541 1646 litterarum
573 1562 738 1665 cultus,
767 1591 896 1675 quem
923 1561 1082 1645 Solonis
1110 1591 1158 1646 ac
1186 1562 1353 1648 Periclis
1382 1591 1487 1648 aevo
1515 1565 1659 1648 sortita

234 1697 347 1806 fuit,
379 1703 541 1786 emetiri
568 1704 684 1813 prius
712 1701 913 1787 debuerat
940 1702 1165 1815 longinqua
1193 1733 1241 1788 ea
1269 1705 1467 1813 temporis
1496 1707 1657 1816 spatia,

232 1873 341 1955 quae
361 1874 385 1927 a
406 1847 579 1930 Troiani
599 1875 731 1958 usque
759 1846 857 1930 belli
885 1874 989 1931 aevo
1017 1845 1359 1952 intercesserunt,
1391 1865 1432 1930 ct
1450 1876 1524 1957 per
1548 1877 1658 1960 quae

231 1990 383 2071 sensim
412 2007 677 2099 comparatae
706 2017 754 2072 ac
782 1989 986 2099 expolitae
1014 1986 1182 2072 fuerunt
1201 1987 1440 2100 disciplinae
1459 2007 1500 2074 et
1524 2009 1657 2098 artes,

231 2158 341 2241 quae
370 2157 542 2212 auream
571 2127 740 2238 posthac
769 2132 1030 2216 Graecorum
1064 2147 1243 2214 aetatem
1281 2128 1442 2215 affatim
1480 2131 1661 2246 locuple-

234 2293 386 2357 larunt.

342 2417 433 2498 Iam
452 2444 552 2500 vero
572 2445 820 2529 quanquam
841 2446 896 2500 cx
916 2418 982 2521 iis,
1005 2444 1114 2529 quae
1134 2417 1332 2502 hactenus
1351 2419 1394 2500 in
1415 2419 1660 2504 universum

229 2556 539 2662 delibavimus,
579 2557 749 2640 omnino
782 2576 923 2668 pateat
950 2557 1084 2640 vitam
1113 2556 1322 2662 alteram,
1355 2587 1486 2670 quam
1524 2560 1662 2643 exciso

228 2727 404 2784 romano
432 2700 613 2812 Imperio
641 2700 787 2812 populi
814 2701 1014 2812 auspicati
1042 2697 1239 2804 suerunt,
1271 2729 1347 2811 per
1390 2702 1660 2814 longinquam

229 2857 471 2952 temporum
498 2841 649 2925 seriem
675 2842 895 2953 paullatim
922 2843 1160 2948 increvisse,
1197 2862 1238 2928 et
1265 2845 1490 2955 pristinum
1519 2843 1656 2930 deter-

228 2986 323 3068 sisse
343 2985 578 3097 squalorem
609 3014 658 3068 ac
676 2984 937 3095 barbariem,
967 3015 1041 3097 per
1062 2985 1211 3071 eadem
1229 3006 1371 3074 tamen
1391 2990 1553 3072 saecula
1574 3019 1658 3073 non

231 3129 514 3240 infrequentes
543 3146 810 3212 occurrerunt
837 3126 997 3232 caedes,
1028 3129 1211 3240 rapinae,
1242 3128 1454 3235 incendia,
1485 3159 1533 3216 ac
1553 3132 1659 3214 aliae

232 3271 275 3354 id
295 3301 421 3380 genus
435 3272 707 3376 calamitates,
730 3300 915 3383 quarum
929 3273 1322 3358 commemoratione
1338 3275 1468 3357 animi
1486 3273 1660 3386 perhor-

229 3434 408 3500 rescunt.
441 3411 493 3498 Id
513 3443 641 3518 vero,
664 3433 809 3526 utpote
829 3443 882 3498 ex
902 3432 1144 3527 temporum
1158 3415 1390 3500 conditione
1403 3417 1655 3529 profectum,

230 3559 388 3642 nemini
416 3560 575 3645 mirum
603 3557 738 3643 videri
766 3557 914 3667 debet3
946 3590 994 3645 ac
1022 3561 1182 3644 etiamsi
1210 3561 1420 3645 malorum
1449 3560 1552 3646 haec
1577 3563 1660 3645 col-

230 3702 362 3786 luvies
389 3720 505 3785 tanta
533 3702 747 3804 extiterit,
780 3721 985 3813 quantam
1013 3701 1216 3785 effinxisse
1251 3703 1446 3786 videntur
1475 3707 1538 3808 ii,
1582 3705 1658 3815 qui

228 3843 470 3927 huiusmodi
499 3872 602 3926 aevo
629 3843 858 3950 nimiopere
887 3844 1202 3948 obtrectarunt3
1234 3863 1372 3927 nostra
1400 3861 1543 3925 tamen
1562 3871 1655 3925 ma·

229 3987 344 4078 nime
372 3987 539 4068 interest
567 3984 705 4092 ipsum
733 3983 887 4064 intueri
916 4013 964 4066 ac
991 4011 1267 4094 pernoscere,
1299 4013 1397 4066 curn
1425 3984 1528 4067 inibi
1555 4011 1655 4094 pro-

229 4128 297 4212 cul
325 4125 454 4210 dubio
481 4121 655 4207 exordia
698 4119 1065 4234 deprehendantur
1108 4122 1419 4227 institutorum,
1449 4151 1558 4235 quae
1601 4124 1656 4208 ad

229 4287 367 4352 nostra
385 4297 517 4380 usque
528 4285 718 4379 tempora
736 4284 1036 4378 perennarunt,
1050 4267 1182 4349 immo
1205 4297 1302 4350 vcro
1322 4267 1418 4352 inde
1443 4270 1654 4352 manarint

230 4416 353 4500 totius
386 4415 580 4525 Europae
609 4413 709 4516 fata,
740 4441 792 4494 ne
823 4413 870 4495 iis
908 4411 1080 4524 quidem
1110 4415 1315 4525 exceptis,
1354 4444 1463 4526 quae
1491 4417 1654 4500 saeculo

228 4559 398 4650 XVIII.
429 4561 508 4670 ipsi
535 4559 731 4668 Europae
750 4557 1038 4662 obvenerunt,
1061 4558 1121 4640 uti
1140 4555 1448 4642 laudatissimus
1468 4558 1655 4642 eiusdem

228 4702 380 4785 saeculi
407 4701 579 4813 scriptor
608 4699 784 4788 Ioannes
811 4695 967 4780 Muller
997 4695 1254 4785 adfirmavit.
1286 4701 1429 4806 Quare
1468 4700 1655 4810 quisquis

231 4865 304 4928 aut
344 4846 599 4958 populorum
639 4845 859 4946 omnium,
892 4841 1043 4953 quibus
1070 4870 1182 4924 nunc
1211 4843 1380 4954 Europa
1417 4840 1652 4946 conflatur,

229 5012 301 5082 aut
341 4992 574 5103 cuiuspiam
602 5019 748 5074 eorum
789 4987 1005 5072 historiam
1043 4987 1298 5075 conscribere
1337 5005 1522 5091 statuat,
1568 5017 1655 5098 quo
