4658 6508
936 591 1052 684 (37)

373 741 442 831 Ego
464 761 557 809 ursus
581 741 665 810 iilius
689 743 821 834 quidam
845 745 970 814 dornini
1001 745 1148 815 iohannis
1180 747 1326 839 primarii
1359 755 1491 838 rogatus
1523 770 1541 816 a
1574 767 1706 815 memo-

276 878 346 932 rato
370 865 447 958 lupo
472 869 561 937 testis
584 869 756 961 subscripsi
781 880 813 938 et
837 880 1031 940 memoratos
1055 871 1174 940 solidos
1197 874 1352 942 confiteor
1375 875 1551 966 percepisse

376 995 501 1086 †Eg0
524 995 648 1086 pulcari
671 994 756 1063 filius
780 995 904 1064 domini
928 997 1032 1064 arsasri
1064 995 1182 1064 notarii
1206 1005 1337 1088 rogatus
1372 1023 1390 1064 a
1423 1006 1602 1068 memorato
1626 999 1704 1090 lupo

274 1118 347 1186 testi
370 1117 542 1209 subscripsi
567 1127 599 1186 et
622 1127 818 1185 memoratos
842 1119 960 1189 solidos
983 1119 1138 1188 confiteor
1161 1120 1383 1213 percepisse†

368 1243 397 1338 †
421 1247 491 1336 Ego
514 1244 668 1313 iohannes
688 1242 817 1314 curialis
833 1255 865 1314 et
885 1245 1070 1317 scriniarius
1095 1244 1314 1338 percomplevi
1338 1256 1370 1316 et
1393 1247 1517 1318 absolvi
1542 1273 1599 1340 per
1622 1273 1698 1318 rne-

273 1382 394 1441 rnorata
420 1371 543 1442 decima
568 1369 753 1440 indictione.

250 4153 1690 4182 mmm

253 4348 374 4408 rialium
388 4343 499 4408 ordine
513 4346 645 4421 delecti,
668 4347 723 4426 qui
743 4347 857 4409 tametsi
877 4344 1087 4407 conscribendis
1106 4347 1305 4407 instrumentis
1324 4359 1466 4408 vacarent
1491 4346 1614 4428 perinde
1640 4369 1676 4408 ao

253 4456 362 4537 reliqui
382 4455 528 4532 curiales,
561 4456 605 4515 his
640 4468 738 4514 tamen
759 4455 910 4515 anteibant
929 4476 963 4515 eo
988 4454 1071 4536 quod
1096 4454 1276 4537 plerumque
1300 4455 1392 4514 simul
1419 4475 1490 4515 cnm
1509 4457 1674 4516 Primae-io

254 4569 291 4630 de
307 4589 370 4650 qno
384 4568 562 4628 adnotatum
576 4583 620 4628 est
633 4589 702 4649 pag.
725 4569 775 4645 23,
799 4568 1049 4645 transcribebant,
1069 4569 1194 4649 suisque
1207 4568 1389 4630 roborabant
1401 4567 1673 4650 subscriptionibus

250 4701 311 4738 non
326 4681 418 4740 ruodo
438 4682 660 4750 instrumenta,
682 4701 791 4742 verum
819 4693 849 4741 ct
867 4679 1033 4762 privilegia
1055 4683 1197 4763 temporis
1224 4693 1395 4757 vetustate,
1416 4695 1471 4741 aut
1491 4679 1558 4739 aliis
1578 4681 1674 4740 causis

251 4791 352 4850 lacera
376 4791 428 4851 vel
448 4813 548 4868 exesa,
574 4791 837 4876 quemadmodum
858 4791 1069 4874 neapolitanae
1082 4791 1321 4855 Consuetudines
1340 4791 1568 4874 praecipiebant
1593 4792 1671 4873 (De

247 4907 443 4966 r‘eaatrumem.
463 4905 591 4980 confice.
608 4927 668 4989 per
686 4907 797 4968 oun'ol.
821 4907 943 4987 neapol.
964 4909 1011 4968 a‘t.
1035 4909 1116 4970 XII.
1140 4905 1170 4988 5.
1190 4905 1214 4966 5
1225 4904 1246 4986 ).
