4692 6512
882 621 1027 716 (ras)

245 796 330 856 terra
352 785 440 856 intus
474 785 654 856 nominatas
677 782 880 854 coherentias
912 783 953 854 ad
988 801 1186 873 exagomum
1210 782 1257 877 (4)
1290 783 1416 854 modios
1444 785 1561 878 viginti
1593 811 1662 880 pu-

239 913 359 983 blicam
383 919 576 1004 potestatcm
599 905 723 980 nullam
746 905 1001 980 dominationem
1025 906 1139 980 habuit
1170 932 1229 1003 per
1259 909 1460 1003 sexagintam
1494 935 1595 987 annos
1630 922 1662 983 et

242 1037 374 1109 definivi
399 1037 516 1106 exinde
539 1045 648 1106 tecum
673 1045 706 1106 et
729 1055 806 1104 cum
829 1033 964 1106 heredes
987 1043 1062 1104 tuos
1083 1034 1118 1104 in
1142 1034 1294 1108 omnibus
1326 1058 1388 1129 pro
1410 1036 1483 1110 vice
1511 1037 1551 1108 dc
1583 1061 1659 1110 ces-

240 1163 331 1234 sione
348 1183 420 1232 mea
444 1183 525 1256 quas
549 1159 710 1252 atpreensi
725 1159 766 1230 da
783 1157 968 1252 publicam:
995 1168 1028 1232 et
1043 1183 1085 1232 av
1108 1161 1241 1233 odierna
1263 1161 1317 1234 die
1341 1170 1375 1232 et
1390 1159 1541 1254 deinceps
1557 1185 1661 1234 num-

238 1310 336 1382 quam
361 1309 550 1380 presummo
565 1309 628 1380 ego
644 1287 829 1359 nominatus
852 1285 1008 1360 iohannes
1023 1310 1083 1358 nec
1098 1287 1234 1360 heredes
1250 1288 1331 1360 meis
1359 1313 1465 1382 neque
1482 1290 1660 1364 habeamus

237 1407 402 1485 licentiam
424 1413 599 1508 aliquando
622 1421 769 1504 tempore
793 1434 852 1503 per
873 1411 1018 1484 cessione
1042 1435 1115 1484 mea
1139 1433 1220 1507 quas
1244 1413 1404 1506 atprecnsi
1428 1414 1469 1484 da
1490 1414 1658 1506 publicum

236 1547 269 1608 te
292 1547 431 1630 tuosque
454 1536 591 1608 heredes
614 1534 732 1606 exinde
757 1558 896 1632 querere
919 1561 978 1630 per
1000 1535 1129 1607 nullum
1144 1537 1280 1608 modurn
1304 1540 1344 1610 de
1375 1537 1540 1610 nominate
1556 1549 1658 1622 terras

235 1663 323 1732 intus
347 1662 432 1756 ipsas
455 1659 658 1734 coherentias
681 1685 740 1754 per
764 1663 850 1756 ipsas
874 1661 1020 1734 cessione
1035 1685 1108 1734 mea
1125 1685 1206 1757 quas
1226 1663 1386 1756 atpreensi
1411 1664 1451 1734 da
1467 1663 1655 1756 publicum:

234 1790 368 1883 insuper
390 1790 450 1883 qui
479 1799 511 1860 te
534 1811 593 1883 per
616 1787 685 1881 ipsa
709 1788 853 1859 cessione
877 1809 949 1858 mea
974 1789 1130 1882 quesierit
1152 1799 1231 1860 tunc
1255 1813 1317 1882 ego
1351 1799 1384 1862 et
1409 1790 1546 1864 heredes
1577 1791 1660 1862 meis

236 1917 297 1986 tiri
325 1917 456 2012 tuisque
485 1917 661 1990 heredibus
686 1917 804 1990 exinde
828 1917 968 2010 desuper
991 1916 1104 1990 tollere
1143 1918 1378 2012 promittimus.
1418 1917 1550 2012 insuper
1573 1919 1661 1990 stetit

235 2041 322 2116 inter
345 2042 440 2114 nobis
463 2052 500 2114 ut
523 2044 551 2114 si
575 2067 637 2137 ego
660 2041 715 2114 vel
737 2043 874 2114 heredes
897 2043 979 2114 meis
1018 2043 1079 2112 tivi
1106 2045 1237 2134 tuisque
1272 2042 1448 2114 heredibus
1471 2043 1534 2116 alie
1557 2043 1659 2116 char-

312 2497 403 2576 Quod
424 2519 514 2582 porro
534 2497 572 2558 ad
592 2517 696 2558 annos
717 2499 793 2561 LK.
814 2500 942 2574 attinet,
963 2498 986 2559 si
1007 2497 1061 2560 hos
1081 2494 1193 2559 habere
1223 2494 1317 2556 libeat
1338 2515 1392 2579 pro
1412 2509 1547 2578 tempore
1567 2517 1657 2579 prae-

232 2614 396 2693 scriptionis
416 2635 477 2674 non
499 2615 684 2695 litigatorum
699 2615 879 2693 voluntate,
902 2613 953 2675 sed
973 2612 1041 2692 lege
1056 2615 1251 2695 praestituto,
1273 2613 1534 2694 praescriptionem
1554 2613 1657 2672 huius-

230 2721 314 2782 modi
349 2721 655 2804 eLangobardornm
675 2723 791 2804 legibus
812 2737 927 2784 nostros
947 2725 1074 2783 maiores
1104 2723 1237 2783 hausisse
1266 2721 1429 2784 dicendum
1459 2722 1524 2784 erit.
1555 2724 1656 2802 Ipsam

231 2833 315 2894 enim
335 2855 352 2893 a
373 2831 564 2916 Liutprando
582 2832 854 2911 Langobardorum
884 2833 965 2914 Rege
996 2831 1140 2894 sancitam
1169 2831 1260 2894 luisse
1280 2853 1335 2916 pro
1354 2832 1464 2908 rebus,
1496 2849 1573 2912 quae
1588 2849 1657 2911 pu-

231 2945 333 3008 blicae
346 2950 497 3029 potestati
509 2991 519 3023 ,
541 2949 602 3009 sive
622 2947 710 3010 Fisco
731 2947 828 3023 Regio
849 2960 932 3007 erant
950 2945 1119 3022 obnoxiae,
1151 2945 1255 3027 palam
1284 2945 1322 3008 fit
1353 2966 1389 3006 cx
1413 2941 1547 3008 eiusdem
1568 2943 1657 3006 Prin-

231 3062 307 3142 cipis
326 3061 442 3142 legibus
462 3062 544 3146 apud
565 3063 766 3124 Muratorium
790 3063 895 3143 (Rer.
916 3063 986 3123 ital.
1009 3065 1114 3141 script.
1135 3071 1209 3122 tom.
1229 3065 1259 3123 l.
1287 3069 1374 3140 part.
1395 3060 1488 3144 It),
1512 3059 1565 3119 ubi
1582 3059 1656 3118 haec

230 3173 392 3253 leguntur:
416 3176 489 3233 Hoc
509 3185 617 3236 autem
636 3173 706 3234 ideo
719 3175 907 3247 statuimus,
933 3175 1012 3254 quia
1028 3174 1188 3252 possessio
1201 3172 1341 3231 aliorum
1356 3173 1527 3232 hominum
1547 3189 1660 3231 secum

232 3282 311 3342 dum
332 3283 559 3361 langobardam
584 3285 686 3361 Iegem
707 3283 743 3343 in
763 3288 885 3348 XXX.
914 3286 1010 3344 annia
1035 3285 1173 3362 finitur:
1208 3285 1329 3342 Causas
1361 3282 1489 3362 quidem
1519 3281 1659 3360 regales,

232 3399 317 3456 unde
347 3398 531 3476 compositio
558 3409 765 3476 expectatur,
796 3394 978 3477 duplicatas
1008 3399 1121 3457 statuit
1145 3393 1288 3455 decessor
1308 3403 1414 3454 noster
1430 3391 1584 3458 Rostan's
1604 3415 1660 3456 rex

231 3530 424 3590 componere.
440 3515 617 3589 Propterea
637 3511 726 3572 nobis
747 3523 868 3574 rectum
888 3529 965 3570 cum
988 3511 1104 3572 nostris
1121 3507 1288 3568 Iudicibus
1311 3510 1495 3586 comparuit
1516 3527 1601 3584 esse,
1624 3519 1659 3568 ut

231 3627 327 3685 etiam
348 3624 386 3683 in
406 3625 466 3684 isto
487 3644 586 3684 causa
601 3623 639 3684 de
652 3627 850 3704 possessione
869 3623 1072 3704 displicantur
1094 3621 1159 3698 ipsi
1178 3621 1274 3688 armi,
1294 3631 1331 3678 ut
1341 3617 1430 3693 fiant
1442 3621 1522 3679 LX.
1536 3631 1594 3678 etc.

310 3735 357 3818 (4)
377 3739 455 3817 Ager
473 3737 547 3809 hic,
569 3737 623 3815 qui
643 3734 762 3812 viginti
776 3733 893 3792 modiis
911 3732 1080 3806 constabat,
1102 3729 1140 3790 ad
1163 3747 1372 3804 exagomum,
1388 3746 1496 3809 nempe
1516 3726 1557 3786 ad
1577 3745 1654 3786 caa-

228 3864 348 3924 gonam
361 3847 509 3922 formam
529 3844 664 3920 dicitur,
691 3843 777 3925 quod
803 3845 866 3903 eius
890 3841 963 3902 fines
992 3861 1078 3903 senos
1104 3839 1235 3920 angulos
1264 3836 1517 3920 praeseferebant
1540 3841 1653 3901 Omnis

231 3959 311 4017 enim
330 3975 427 4032 ager,
450 3969 484 4016 ut
504 3954 643 4034 loquitur
663 3951 843 4016 Columella
863 3951 964 4033 (Lib.
982 3954 1019 4012 V.
1040 3971 1111 4030 cap.
1131 3952 1160 4008 I.
1181 3948 1211 4031 §
1226 3953 1269 4010 lt
1282 3968 1355 4027 pag.
1367 3947 1425 4031 ω)
1442 3959 1501 4010 aut
1515 3947 1653 4028 quadra·

231 4078 295 4140 tus,
315 4073 373 4123 aut
391 4065 515 4143 longus,
530 4072 588 4123 aut
601 4073 770 4140 cuneatus,
791 4071 850 4122 aut
868 4063 1043 4140 triquetras
1053 4103 1063 4134 ,
1085 4067 1143 4118 aut
1163 4057 1338 4136 rotundus,
1366 4059 1539 4120 autetiam
1559 4062 1653 4120 semi-

231 4177 342 4237 circuli
361 4175 416 4234 ccl
431 4194 543 4242 arcus,
565 4191 808 4253 nonnumquam
824 4172 921 4230 ettam
935 4170 1082 4250 plurium
1098 4170 1292 4248 angulorum
1303 4167 1451 4244 fhrrnam
1470 4167 1608 4244 exhibet,
1623 4185 1654 4232 et

231 4286 416 4368 quandoque
426 4329 437 4361 ,
458 4299 494 4346 ut
508 4283 591 4344 idem
605 4285 738 4365 agrariae
759 4285 803 4344 rei
823 4282 1057 4344 callentissimus
1076 4281 1204 4361 scriptor
1224 4279 1370 4343 adfirmat
1384 4279 1482 4361 (pag.
1492 4278 1563 4361 19),
1583 4278 1653 4340 red-

231 4397 279 4456 dit
297 4394 449 4473 decagoni
465 4395 538 4470 agri
547 4393 705 4475 formam.
726 4392 809 4452 Hinc
829 4392 922 4454 fiebat
942 4405 977 4452 ut
996 4391 1050 4456 rel
1069 4388 1208 4472 lapides,
1235 4393 1345 4474 quibus
1366 4390 1560 4471 praediorum
1587 4404 1651 4450 ter-

228 4509 306 4570 mini
326 4506 584 4589 designabantur,
604 4519 648 4565 tot
668 4503 788 4584 angulis
806 4503 935 4586 praediti
955 4517 1067 4580 essent,
1091 4519 1169 4585 quot
1188 4505 1259 4586 ipsis
1280 4517 1366 4564 erant
1387 4502 1543 4586 praediis,
1564 4505 1650 4563 stab

229 4620 400 4682 huiusmodi
429 4617 535 4678 formis
566 4619 690 4678 nomina
718 4615 974 4676 nanciscerentur.
1002 4617 1105 4693 Quare
1133 4613 1219 4696 apud
1244 4614 1385 4674 Gessium
1417 4613 1512 4694 (Rei
1542 4633 1648 4691 agrar.

231 4734 338 4813 script.
365 4751 441 4811 pag.
462 4733 553 4810 224)
582 4730 674 4790 limes
705 4739 871 4789 metaneae
890 4727 1044 4804 acciunt,
1079 4747 1189 4810 nempe
1219 4728 1295 4787 senis
1326 4724 1443 4806 angulis
1463 4723 1647 4808 praeditus,

232 4847 399 4911 cuiusmodi
419 4843 554 4930 lapidem
573 4865 591 4904 a
611 4842 737 4903 Boethio
757 4841 931 4901 terminum
948 4841 1155 4918 sinagonum,
1178 4855 1210 4902 et
1229 4841 1419 4916 caugiacum
1441 4849 1650 4919 nuncupatum

232 4961 319 5024 luisse
339 4959 418 5021 idem
439 4957 561 5020 Goesius
580 4955 741 5016 arbitratur
761 4952 794 5014 in
812 4950 911 5014 indice
930 4952 971 5014 ad
991 4971 1101 5017 vocem
1121 4951 1286 5012 terminus.

1247 5064 1269 5105 a
