4658 6508
1312 640 1324 734 (
1351 649 1395 710 ⁹2
1422 643 1438 734 )

656 798 756 868 tulum
780 817 839 866 uos
862 798 914 870 vel
938 795 1072 866 heredes
1096 797 1213 868 nostris
1238 797 1350 868 venire
1373 796 1644 889 presumserimus
1660 818 1719 888 per
1734 793 1853 888 quovis
1868 794 2004 864 modum
2026 803 2084 862 out

657 923 834 992 summissis
857 943 1027 1014 personam
1054 931 1129 990 tunc
1149 919 1376 1013 componimus
1392 943 1451 990 nos
1468 928 1499 991 et
1515 920 1648 990 heredes
1662 919 1780 988 uostris
1794 917 1887 988 vohis
1900 917 2084 1010 vestrisque

660 1049 831 1120 heredibus
855 1049 927 1118 auri
951 1048 1070 1120 solidos
1095 1048 1213 1140 viginti
1237 1048 1419 1141 bytianteos
1443 1048 1558 1118 etheo
1582 1046 1728 1116 chartula
1758 1046 1799 1114 sit
1824 1045 1937 1114 firma:
1965 1045 2084 1136 scriptu

661 1194 721 1263 per
746 1193 846 1241 monn
870 1170 1002 1242 iohanni
1027 1171 1176 1242 tabularii
1200 1194 1258 1264 per
1282 1181 1462 1242 memorata
1485 1173 1610 1242 decima
1636 1171 1822 1242 indictione.

757 1297 821 1364 hoc
845 1297 975 1388 signum
998 1295 1029 1389 †
1054 1319 1167 1367 manus
1191 1296 1363 1368 memorati
1388 1296 1561 1367 theofilacti
1586 1295 1675 1390 quod
1711 1317 1773 1386 ego
1806 1293 1864 1387 qui
1888 1303 2088 1365 memoratus

667 1446 727 1514 pro
753 1448 829 1494 eum
853 1424 1038 1517 subscripsi.

763 1547 793 1641 †
817 1552 888 1643 Ego
911 1551 1036 1642 sergius
1061 1551 1146 1620 [ilius
1171 1550 1296 1620 domini
1320 1551 1455 1643 aligerni
1476 1563 1608 1645 rogatus
1633 1550 1902 1645 asuprcscriptos
1919 1575 2090 1645 germanos

667 1677 740 1746 resti
765 1677 939 1769 subscripsi
959 1677 989 1771 †

765 1803 795 1894 †
819 1808 890 1894 Ego
914 1804 1069 1874 iohannes
1094 1805 1179 1873 filius
1203 1807 1327 1876 domini
1352 1806 1500 1876 theodori
1517 1805 1641 1876 tribuni
1658 1815 1790 1898 rogatus
1814 1829 1832 1873 a
1854 1806 2092 1901 suprascriptos

670 1952 841 2020 germanos
865 1931 938 2000 testi
962 1930 1182 2025 subscripsi†

766 2054 893 2146 †Ego
916 2066 1027 2146 petrus
1052 2057 1138 2126 filius
1164 2059 1289 2128 domini
1325 2059 1411 2130 leoni
1436 2069 1569 2150 rogatus
1602 2085 1620 2128 a
1656 2061 1890 2154 suprascriptos
1922 2081 2095 2154 germanos

673 2185 746 2253 testi
771 2183 946 2274 subscripsi
969 2184 999 2278 †

770 2306 799 2401 †
816 2309 887 2400 Ego
900 2310 1056 2384 iohannes
1070 2313 1247 2384 tabularius
1258 2336 1316 2406 per
1328 2315 1487 2408 complevi
1502 2339 1560 2410 per
1575 2323 1754 2387 memorata
1765 2315 1888 2389 decima
1899 2313 2089 2386 indictione.
