<?xml version="1.0" encoding="UTF-8"?>
<!DOCTYPE html PUBLIC "-//W3C//DTD XHTML 1.0 Transitional//EN"
    "http://www.w3.org/TR/xhtml1/DTD/xhtml1-transitional.dtd">
<html xmlns="http://www.w3.org/1999/xhtml" xml:lang="en" lang="en">
 <head>
  <title>
</title>
<meta http-equiv="Content-Type" content="text/html;charset=utf-8" />
  <meta name='ocr-system' content='tesseract 3.04.00' />
  <meta name='ocr-capabilities' content='ocr_page ocr_carea ocr_par ocr_line ocrx_word'/>
</head>
<body>
  <div class='ocr_page' id='page_1' title='image "./monumentaeditaa01napogoog_0119.png"; bbox 0 0 4658 6508; ppageno 0'>
   <div class='ocr_carea' id='block_1_1' title="bbox 220 623 1645 878">
    <p class='ocr_par' dir='ltr' id='par_1_1' title="bbox 220 623 1645 878">
     <span class='ocr_line' id='line_1_1' title="bbox 875 623 998 720; baseline 0 0"><span class='ocrx_word' id='word_1_1' title='bbox 875 623 886 720; x_wconf 93' lang='lat'>(</span> <span class='ocrx_word' id='word_1_2' title='bbox 912 633 956 696; x_wconf 76' lang='lat'><strong>⁶³</strong></span> <span class='ocrx_word' id='word_1_3' title='bbox 982 629 998 720; x_wconf 90' lang='grc'>)</span> 
     </span>
     <span class='ocr_line' id='line_1_2' title="bbox 220 777 1645 878; baseline 0.01 -26"><span class='ocrx_word' id='word_1_4' title='bbox 220 798 277 852; x_wconf 81' lang='lat' dir='ltr'><strong>seu</strong></span> <span class='ocrx_word' id='word_1_5' title='bbox 300 777 509 850; x_wconf 88' lang='lat' dir='ltr'><strong>commenditi</strong></span> <span class='ocrx_word' id='word_1_6' title='bbox 535 777 587 875; x_wconf 89' lang='lat'><strong>(7)</strong></span> <span class='ocrx_word' id='word_1_7' title='bbox 616 803 692 855; x_wconf 90' lang='lat' dir='ltr'><strong>cum</strong></span> <span class='ocrx_word' id='word_1_8' title='bbox 714 784 889 878; x_wconf 74' lang='lat' dir='ltr'><strong>cespitibus</strong></span> <span class='ocrx_word' id='word_1_9' title='bbox 913 796 946 858; x_wconf 91' lang='lat' dir='ltr'><strong>et</strong></span> <span class='ocrx_word' id='word_1_10' title='bbox 965 789 1251 864; x_wconf 88' lang='lat' dir='ltr'><strong>consuetudinibus</strong></span> <span class='ocrx_word' id='word_1_11' title='bbox 1282 793 1336 864; x_wconf 83' lang='lat' dir='ltr'><strong>vel</strong></span> <span class='ocrx_word' id='word_1_12' title='bbox 1363 792 1512 866; x_wconf 89' lang='lat' dir='ltr'><strong>omnihus</strong></span> <span class='ocrx_word' id='word_1_13' title='bbox 1550 795 1645 868; x_wconf 86' lang='lat' dir='ltr'><strong>adia·</strong></span> 
     </span>
    </p>
   </div>
   <div class='ocr_carea' id='block_1_2' title="bbox 122 903 1647 1379">
    <p class='ocr_par' dir='ltr' id='par_1_2' title="bbox 122 903 1647 1379">
     <span class='ocr_line' id='line_1_3' title="bbox 222 903 1644 1002; baseline 0.011 -31"><span class='ocrx_word' id='word_1_14' title='bbox 222 903 367 996; x_wconf 80' lang='lat' dir='ltr'><strong>cantibus</strong></span> <span class='ocrx_word' id='word_1_15' title='bbox 390 915 423 980; x_wconf 87' lang='lat' dir='ltr'><strong>et</strong></span> <span class='ocrx_word' id='word_1_16' title='bbox 437 905 673 1000; x_wconf 89' lang='lat' dir='ltr'><strong>pertinentibus</strong></span> <span class='ocrx_word' id='word_1_17' title='bbox 689 906 748 980; x_wconf 91' lang='lat' dir='ltr'><strong>eis.</strong></span> <span class='ocrx_word' id='word_1_18' title='bbox 767 921 841 1002; x_wconf 93' lang='lat' dir='ltr'><strong>post</strong></span> <span class='ocrx_word' id='word_1_19' title='bbox 863 933 973 982; x_wconf 92' lang='lat' dir='ltr'><strong>meum</strong></span> <span class='ocrx_word' id='word_1_20' title='bbox 990 911 1160 986; x_wconf 74' lang='lat' dir='ltr'><strong>transitum</strong></span> <span class='ocrx_word' id='word_1_21' title='bbox 1175 915 1217 984; x_wconf 91' lang='lat' dir='ltr'><strong>sit</strong></span> <span class='ocrx_word' id='word_1_22' title='bbox 1232 916 1273 988; x_wconf 91' lang='lat' dir='ltr'><strong>de</strong></span> <span class='ocrx_word' id='word_1_23' title='bbox 1289 927 1468 988; x_wconf 87' lang='lat' dir='ltr'><strong>memorato</strong></span> <span class='ocrx_word' id='word_1_24' title='bbox 1485 941 1562 991; x_wconf 93' lang='lat' dir='ltr'><strong>urso</strong></span> <span class='ocrx_word' id='word_1_25' title='bbox 1579 921 1644 990; x_wconf 88' lang='lat' dir='ltr'><strong>lilio</strong></span> 
     </span>
     <span class='ocr_line' id='line_1_4' title="bbox 122 1029 1646 1124; baseline 0.011 -27"><span class='ocrx_word' id='word_1_26' title='bbox 122 1032 125 1038; x_wconf 81' lang='grc'>’</span> <span class='ocrx_word' id='word_1_27' title='bbox 219 1052 293 1102; x_wconf 91' lang='lat' dir='ltr'><strong>meo</strong></span> <span class='ocrx_word' id='word_1_28' title='bbox 310 1029 446 1124; x_wconf 92' lang='lat' dir='ltr'><strong>eiusque</strong></span> <span class='ocrx_word' id='word_1_29' title='bbox 469 1029 641 1104; x_wconf 85' lang='lat' dir='ltr'>heredibus</span> <span class='ocrx_word' id='word_1_30' title='bbox 664 1033 701 1102; x_wconf 94' lang='lat' dir='ltr'><strong>ln</strong></span> <span class='ocrx_word' id='word_1_31' title='bbox 725 1054 765 1104; x_wconf 92' lang='lat' dir='ltr'><strong>eo</strong></span> <span class='ocrx_word' id='word_1_32' title='bbox 783 1031 871 1102; x_wconf 91' lang='lat' dir='ltr'><strong>enim</strong></span> <span class='ocrx_word' id='word_1_33' title='bbox 889 1043 1002 1106; x_wconf 87' lang='lat' dir='ltr'><strong>tenore</strong></span> <span class='ocrx_word' id='word_1_34' title='bbox 1026 1047 1063 1106; x_wconf 92' lang='lat' dir='ltr'><strong>ut</strong></span> <span class='ocrx_word' id='word_1_35' title='bbox 1086 1037 1116 1106; x_wconf 92' lang='lat' dir='ltr'><strong>si</strong></span> <span class='ocrx_word' id='word_1_36' title='bbox 1138 1036 1222 1108; x_wconf 87' lang='lat' dir='ltr'><strong>inire</strong></span> <span class='ocrx_word' id='word_1_37' title='bbox 1239 1049 1322 1112; x_wconf 90' lang='lat' dir='ltr'><strong>etate</strong></span> <span class='ocrx_word' id='word_1_38' title='bbox 1338 1049 1394 1112; x_wconf 87' lang='lat' dir='ltr'><strong>eut</strong></span> <span class='ocrx_word' id='word_1_39' title='bbox 1417 1041 1488 1114; x_wconf 91' lang='lat' dir='ltr'><strong>sine</strong></span> <span class='ocrx_word' id='word_1_40' title='bbox 1512 1042 1646 1116; x_wconf 89' lang='lat' dir='ltr'><strong>heredes</strong></span> 
     </span>
     <span class='ocr_line' id='line_1_5' title="bbox 220 1157 1646 1253; baseline 0.01 -27"><span class='ocrx_word' id='word_1_41' title='bbox 220 1157 338 1228; x_wconf 87' lang='lat' dir='ltr'><strong>orierit</strong></span> <span class='ocrx_word' id='word_1_42' title='bbox 354 1160 539 1230; x_wconf 89' lang='lat' dir='ltr'><strong>memoratis</strong></span> <span class='ocrx_word' id='word_1_43' title='bbox 563 1159 713 1232; x_wconf 89' lang='lat' dir='ltr'><strong>omnibus</strong></span> <span class='ocrx_word' id='word_1_44' title='bbox 729 1161 910 1253; x_wconf 69' lang='lat' dir='ltr'>hospitibus</span> <span class='ocrx_word' id='word_1_45' title='bbox 926 1165 1008 1238; x_wconf 90' lang='lat' dir='ltr'><strong>meis</strong></span> <span class='ocrx_word' id='word_1_46' title='bbox 1023 1175 1056 1236; x_wconf 87' lang='lat' dir='ltr'><strong>ct</strong></span> <span class='ocrx_word' id='word_1_47' title='bbox 1069 1165 1209 1238; x_wconf 82' lang='lat' dir='ltr'><strong>lundors</strong></span> <span class='ocrx_word' id='word_1_48' title='bbox 1225 1165 1377 1239; x_wconf 86' lang='lat' dir='ltr'><strong>rihorum</strong></span> <span class='ocrx_word' id='word_1_49' title='bbox 1393 1178 1426 1240; x_wconf 92' lang='lat' dir='ltr'><strong>et</strong></span> <span class='ocrx_word' id='word_1_50' title='bbox 1441 1177 1646 1240; x_wconf 92' lang='lat' dir='ltr'><strong>mortuorum</strong></span> 
     </span>
     <span class='ocr_line' id='line_1_6' title="bbox 219 1286 1647 1379; baseline 0.007 -24"><span class='ocrx_word' id='word_1_51' title='bbox 219 1308 277 1356; x_wconf 88' lang='lat' dir='ltr'><strong>sen</strong></span> <span class='ocrx_word' id='word_1_52' title='bbox 294 1286 501 1358; x_wconf 85' lang='lat' dir='ltr'><strong>commenditi</strong></span> <span class='ocrx_word' id='word_1_53' title='bbox 525 1310 602 1358; x_wconf 88' lang='lat' dir='ltr'><strong>cum</strong></span> <span class='ocrx_word' id='word_1_54' title='bbox 626 1289 811 1379; x_wconf 84' lang='lat' dir='ltr'><strong>cespitibus.</strong></span> <span class='ocrx_word' id='word_1_55' title='bbox 835 1301 868 1364; x_wconf 91' lang='lat' dir='ltr'><strong>et</strong></span> <span class='ocrx_word' id='word_1_56' title='bbox 890 1292 1177 1364; x_wconf 87' lang='lat' dir='ltr'><strong>consuetudinibus</strong></span> <span class='ocrx_word' id='word_1_57' title='bbox 1193 1293 1247 1366; x_wconf 87' lang='lat' dir='ltr'><strong>vel</strong></span> <span class='ocrx_word' id='word_1_58' title='bbox 1261 1294 1413 1366; x_wconf 91' lang='lat' dir='ltr'><strong>omnibus</strong></span> <span class='ocrx_word' id='word_1_59' title='bbox 1429 1295 1647 1366; x_wconf 85' lang='lat' dir='ltr'><strong>adiacentibus</strong></span> 
     </span>
    </p>
   </div>
   <div class='ocr_carea' id='block_1_3' title="bbox 213 1415 1650 2762">
    <p class='ocr_par' dir='ltr' id='par_1_3' title="bbox 213 1415 1650 2762">
     <span class='ocr_line' id='line_1_7' title="bbox 218 1415 1644 1516; baseline 0.005 -31"><span class='ocrx_word' id='word_1_60' title='bbox 218 1423 251 1485; x_wconf 93' lang='lat' dir='ltr'><strong>et</strong></span> <span class='ocrx_word' id='word_1_61' title='bbox 273 1415 506 1506; x_wconf 88' lang='lat' dir='ltr'><strong>pertinentibus</strong></span> <span class='ocrx_word' id='word_1_62' title='bbox 530 1415 577 1487; x_wconf 88' lang='lat' dir='ltr'><strong>eis</strong></span> <span class='ocrx_word' id='word_1_63' title='bbox 601 1415 665 1486; x_wconf 90' lang='lat' dir='ltr'><strong>sint</strong></span> <span class='ocrx_word' id='word_1_64' title='bbox 688 1417 728 1488; x_wconf 92' lang='lat' dir='ltr'><strong>de</strong></span> <span class='ocrx_word' id='word_1_65' title='bbox 752 1418 886 1512; x_wconf 88' lang='lat' dir='ltr'><strong>quidem</strong></span> <span class='ocrx_word' id='word_1_66' title='bbox 910 1443 988 1492; x_wconf 90' lang='lat' dir='ltr'><strong>urso</strong></span> <span class='ocrx_word' id='word_1_67' title='bbox 1011 1443 1166 1513; x_wconf 83' lang='lat' dir='ltr'><strong>germano</strong></span> <span class='ocrx_word' id='word_1_68' title='bbox 1197 1445 1271 1494; x_wconf 93' lang='lat' dir='ltr'><strong>meo</strong></span> <span class='ocrx_word' id='word_1_69' title='bbox 1295 1423 1430 1516; x_wconf 88' lang='lat' dir='ltr'><strong>eiusque</strong></span> <span class='ocrx_word' id='word_1_70' title='bbox 1458 1423 1644 1495; x_wconf 85' lang='lat' dir='ltr'><strong>heredibus.</strong></span> 
     </span>
     <span class='ocr_line' id='line_1_8' title="bbox 217 1539 1648 1640; baseline 0.008 -34"><span class='ocrx_word' id='word_1_71' title='bbox 217 1540 376 1633; x_wconf 90' lang='lat' dir='ltr'><strong>simulque</strong></span> <span class='ocrx_word' id='word_1_72' title='bbox 400 1548 433 1611; x_wconf 90' lang='lat' dir='ltr'><strong>et</strong></span> <span class='ocrx_word' id='word_1_73' title='bbox 455 1539 571 1610; x_wconf 91' lang='lat' dir='ltr'><strong>haheat</strong></span> <span class='ocrx_word' id='word_1_74' title='bbox 594 1551 792 1612; x_wconf 88' lang='lat' dir='ltr'><strong>memoratus</strong></span> <span class='ocrx_word' id='word_1_75' title='bbox 815 1567 988 1637; x_wconf 86' lang='lat' dir='ltr'><strong>germanus</strong></span> <span class='ocrx_word' id='word_1_76' title='bbox 1011 1569 1104 1618; x_wconf 85' lang='lat' dir='ltr'><strong>meus</strong></span> <span class='ocrx_word' id='word_1_77' title='bbox 1128 1546 1262 1640; x_wconf 81' lang='lat' dir='ltr'><strong>eiusque</strong></span> <span class='ocrx_word' id='word_1_78' title='bbox 1289 1547 1461 1620; x_wconf 81' lang='lat' dir='ltr'><strong>heredibus</strong></span> <span class='ocrx_word' id='word_1_79' title='bbox 1489 1557 1521 1618; x_wconf 92' lang='lat' dir='ltr'><strong>et</strong></span> <span class='ocrx_word' id='word_1_80' title='bbox 1544 1570 1648 1618; x_wconf 90' lang='lat' dir='ltr'><strong>unum</strong></span> 
     </span>
     <span class='ocr_line' id='line_1_9' title="bbox 216 1666 1650 1768; baseline 0.007 -34"><span class='ocrx_word' id='word_1_81' title='bbox 216 1666 360 1738; x_wconf 91' lang='lat' dir='ltr'><strong>modium</strong></span> <span class='ocrx_word' id='word_1_82' title='bbox 386 1666 425 1736; x_wconf 91' lang='lat' dir='ltr'><strong>de</strong></span> <span class='ocrx_word' id='word_1_83' title='bbox 449 1677 535 1738; x_wconf 88' lang='lat' dir='ltr'><strong>terra</strong></span> <span class='ocrx_word' id='word_1_84' title='bbox 559 1691 631 1739; x_wconf 89' lang='lat' dir='ltr'><strong>mea</strong></span> <span class='ocrx_word' id='word_1_85' title='bbox 656 1668 713 1740; x_wconf 94' lang='lat' dir='ltr'><strong>ubi</strong></span> <span class='ocrx_word' id='word_1_86' title='bbox 736 1669 797 1740; x_wconf 93' lang='lat' dir='ltr'><strong>sibi</strong></span> <span class='ocrx_word' id='word_1_87' title='bbox 821 1671 941 1764; x_wconf 87' lang='lat' dir='ltr'><strong>eligere</strong></span> <span class='ocrx_word' id='word_1_88' title='bbox 969 1673 1120 1745; x_wconf 89' lang='lat' dir='ltr'><strong>voluerit.</strong></span> <span class='ocrx_word' id='word_1_89' title='bbox 1148 1683 1181 1744; x_wconf 92' lang='lat' dir='ltr'><strong>et</strong></span> <span class='ocrx_word' id='word_1_90' title='bbox 1203 1673 1238 1744; x_wconf 89' lang='lat' dir='ltr'><strong>in</strong></span> <span class='ocrx_word' id='word_1_91' title='bbox 1262 1675 1331 1746; x_wconf 89' lang='lat' dir='ltr'><strong>eius</strong></span> <span class='ocrx_word' id='word_1_92' title='bbox 1356 1675 1490 1768; x_wconf 85' lang='lat' dir='ltr'><strong>eiusque</strong></span> <span class='ocrx_word' id='word_1_93' title='bbox 1513 1673 1650 1746; x_wconf 86' lang='lat' dir='ltr'><strong>heredi-</strong></span> 
     </span>
     <span class='ocr_line' id='line_1_10' title="bbox 215 1791 1648 1892; baseline 0.006 -34"><span class='ocrx_word' id='word_1_94' title='bbox 215 1791 276 1864; x_wconf 86' lang='lat' dir='ltr'><strong>bus</strong></span> <span class='ocrx_word' id='word_1_95' title='bbox 293 1792 334 1860; x_wconf 92' lang='lat' dir='ltr'><strong>sit</strong></span> <span class='ocrx_word' id='word_1_96' title='bbox 344 1801 500 1883; x_wconf 86' lang='lat' dir='ltr'><strong>potestate</strong></span> <span class='ocrx_word' id='word_1_97' title='bbox 515 1815 654 1887; x_wconf 91' lang='lat' dir='ltr'><strong>perque</strong></span> <span class='ocrx_word' id='word_1_98' title='bbox 670 1794 787 1866; x_wconf 83' lang='lat' dir='ltr'><strong>exinde</strong></span> <span class='ocrx_word' id='word_1_99' title='bbox 803 1797 909 1868; x_wconf 87' lang='lat' dir='ltr'><strong>lacere</strong></span> <span class='ocrx_word' id='word_1_100' title='bbox 924 1796 1096 1868; x_wconf 85' lang='lat' dir='ltr'><strong>voluerint.</strong></span> <span class='ocrx_word' id='word_1_101' title='bbox 1119 1799 1244 1892; x_wconf 87' lang='lat' dir='ltr'><strong>rehqua</strong></span> <span class='ocrx_word' id='word_1_102' title='bbox 1260 1799 1369 1868; x_wconf 94' lang='lat' dir='ltr'><strong>omnia</strong></span> <span class='ocrx_word' id='word_1_103' title='bbox 1385 1822 1457 1870; x_wconf 87' lang='lat' dir='ltr'><strong>mea</strong></span> <span class='ocrx_word' id='word_1_104' title='bbox 1472 1809 1648 1870; x_wconf 88' lang='lat' dir='ltr'><strong>memorata</strong></span> 
     </span>
     <span class='ocr_line' id='line_1_11' title="bbox 214 1916 1648 2012; baseline 0.004 -28"><span class='ocrx_word' id='word_1_105' title='bbox 214 1916 390 1987; x_wconf 88' lang='lat' dir='ltr'><strong>substantia</strong></span> <span class='ocrx_word' id='word_1_106' title='bbox 414 1917 453 1986; x_wconf 91' lang='lat' dir='ltr'><strong>de</strong></span> <span class='ocrx_word' id='word_1_107' title='bbox 478 1916 565 1987; x_wconf 92' lang='lat' dir='ltr'><strong>intus</strong></span> <span class='ocrx_word' id='word_1_108' title='bbox 581 1925 614 1986; x_wconf 89' lang='lat' dir='ltr'><strong>et</strong></span> <span class='ocrx_word' id='word_1_109' title='bbox 638 1917 717 1988; x_wconf 88' lang='lat' dir='ltr'><strong>ioris</strong></span> <span class='ocrx_word' id='word_1_110' title='bbox 732 1919 774 1988; x_wconf 94' lang='lat' dir='ltr'><strong>sit</strong></span> <span class='ocrx_word' id='word_1_111' title='bbox 789 1920 830 1992; x_wconf 93' lang='lat' dir='ltr'><strong>de</strong></span> <span class='ocrx_word' id='word_1_112' title='bbox 844 1929 1024 1992; x_wconf 91' lang='lat' dir='ltr'><strong>memorato</strong></span> <span class='ocrx_word' id='word_1_113' title='bbox 1047 1920 1193 2012; x_wconf 85' lang='lat' dir='ltr'><strong>aligerno</strong></span> <span class='ocrx_word' id='word_1_114' title='bbox 1218 1931 1250 1992; x_wconf 92' lang='lat' dir='ltr'><strong>et</strong></span> <span class='ocrx_word' id='word_1_115' title='bbox 1266 1947 1348 1993; x_wconf 88' lang='lat' dir='ltr'><strong>anna</strong></span> <span class='ocrx_word' id='word_1_116' title='bbox 1363 1922 1544 1994; x_wconf 89' lang='lat' dir='ltr'><strong>bernaculis</strong></span> <span class='ocrx_word' id='word_1_117' title='bbox 1568 1924 1648 1994; x_wconf 90' lang='lat' dir='ltr'><strong>meis</strong></span> 
     </span>
     <span class='ocr_line' id='line_1_12' title="bbox 214 2039 1646 2141; baseline 0.006 -33"><span class='ocrx_word' id='word_1_118' title='bbox 214 2040 241 2108; x_wconf 89' lang='lat' dir='ltr'><strong>si</strong></span> <span class='ocrx_word' id='word_1_119' title='bbox 259 2051 335 2110; x_wconf 93' lang='lat' dir='ltr'><strong>tunc</strong></span> <span class='ocrx_word' id='word_1_120' title='bbox 358 2039 419 2130; x_wconf 92' lang='lat' dir='ltr'><strong>ipsi</strong></span> <span class='ocrx_word' id='word_1_121' title='bbox 443 2039 564 2110; x_wconf 87' lang='lat' dir='ltr'><strong>luerint</strong></span> <span class='ocrx_word' id='word_1_122' title='bbox 581 2039 631 2110; x_wconf 89' lang='lat' dir='ltr'><strong>vel</strong></span> <span class='ocrx_word' id='word_1_123' title='bbox 646 2039 778 2111; x_wconf 89' lang='lat' dir='ltr'><strong>illorum</strong></span> <span class='ocrx_word' id='word_1_124' title='bbox 797 2041 971 2114; x_wconf 89' lang='lat' dir='ltr'><strong>heredibus</strong></span> <span class='ocrx_word' id='word_1_125' title='bbox 986 2053 1018 2112; x_wconf 86' lang='lat' dir='ltr'><strong>et</strong></span> <span class='ocrx_word' id='word_1_126' title='bbox 1034 2043 1179 2114; x_wconf 86' lang='lat' dir='ltr'><strong>dividant</strong></span> <span class='ocrx_word' id='word_1_127' title='bbox 1193 2045 1255 2115; x_wconf 85' lang='lat' dir='ltr'><strong>siri</strong></span> <span class='ocrx_word' id='word_1_128' title='bbox 1279 2046 1360 2116; x_wconf 93' lang='lat' dir='ltr'><strong>illud</strong></span> <span class='ocrx_word' id='word_1_129' title='bbox 1375 2047 1458 2117; x_wconf 92' lang='lat' dir='ltr'><strong>inter</strong></span> <span class='ocrx_word' id='word_1_130' title='bbox 1481 2068 1516 2116; x_wconf 87' lang='lat' dir='ltr'><strong>se</strong></span> <span class='ocrx_word' id='word_1_131' title='bbox 1540 2069 1646 2141; x_wconf 88' lang='lat' dir='ltr'><strong>equa-</strong></span> 
     </span>
     <span class='ocr_line' id='line_1_13' title="bbox 213 2163 1643 2259; baseline 0.006 -27"><span class='ocrx_word' id='word_1_132' title='bbox 213 2163 310 2234; x_wconf 89' lang='lat' dir='ltr'><strong>liter:</strong></span> <span class='ocrx_word' id='word_1_133' title='bbox 338 2166 374 2233; x_wconf 97' lang='lat' dir='ltr'><strong>ln</strong></span> <span class='ocrx_word' id='word_1_134' title='bbox 399 2187 438 2233; x_wconf 91' lang='lat' dir='ltr'><strong>eo</strong></span> <span class='ocrx_word' id='word_1_135' title='bbox 462 2164 548 2235; x_wconf 91' lang='lat' dir='ltr'><strong>enim</strong></span> <span class='ocrx_word' id='word_1_136' title='bbox 573 2173 684 2235; x_wconf 89' lang='lat' dir='ltr'><strong>tenore</strong></span> <span class='ocrx_word' id='word_1_137' title='bbox 708 2166 826 2259; x_wconf 90' lang='lat' dir='ltr'><strong>utqui</strong></span> <span class='ocrx_word' id='word_1_138' title='bbox 850 2191 893 2240; x_wconf 87' lang='lat' dir='ltr'><strong>ex</strong></span> <span class='ocrx_word' id='word_1_139' title='bbox 915 2169 962 2238; x_wconf 91' lang='lat' dir='ltr'><strong>eis</strong></span> <span class='ocrx_word' id='word_1_140' title='bbox 977 2168 1069 2238; x_wconf 80' lang='lat' dir='ltr'><strong>inira</strong></span> <span class='ocrx_word' id='word_1_141' title='bbox 1089 2178 1172 2241; x_wconf 79' lang='lat' dir='ltr'><strong>etate</strong></span> <span class='ocrx_word' id='word_1_142' title='bbox 1200 2179 1257 2240; x_wconf 90' lang='lat' dir='ltr'><strong>aut</strong></span> <span class='ocrx_word' id='word_1_143' title='bbox 1272 2171 1340 2242; x_wconf 89' lang='lat' dir='ltr'><strong>sine</strong></span> <span class='ocrx_word' id='word_1_144' title='bbox 1356 2171 1491 2244; x_wconf 89' lang='lat' dir='ltr'><strong>heredes</strong></span> <span class='ocrx_word' id='word_1_145' title='bbox 1514 2173 1643 2242; x_wconf 82' lang='lat' dir='ltr'><strong>ovierit.</strong></span> 
     </span>
     <span class='ocr_line' id='line_1_14' title="bbox 213 2290 1645 2391; baseline 0.006 -30"><span class='ocrx_word' id='word_1_146' title='bbox 213 2314 298 2362; x_wconf 90' lang='lat' dir='ltr'><strong>unus</strong></span> <span class='ocrx_word' id='word_1_147' title='bbox 322 2290 453 2362; x_wconf 84' lang='lat' dir='ltr'><strong>alterius</strong></span> <span class='ocrx_word' id='word_1_148' title='bbox 488 2291 572 2361; x_wconf 90' lang='lat' dir='ltr'><strong>inter</strong></span> <span class='ocrx_word' id='word_1_149' title='bbox 603 2314 638 2362; x_wconf 91' lang='lat' dir='ltr'><strong>se</strong></span> <span class='ocrx_word' id='word_1_150' title='bbox 670 2315 849 2388; x_wconf 84' lang='lat' dir='ltr'><strong>eortmtque</strong></span> <span class='ocrx_word' id='word_1_151' title='bbox 872 2295 1045 2368; x_wconf 89' lang='lat' dir='ltr'><strong>heredibus</strong></span> <span class='ocrx_word' id='word_1_152' title='bbox 1069 2299 1248 2370; x_wconf 89' lang='lat' dir='ltr'><strong>moriantur</strong></span> <span class='ocrx_word' id='word_1_153' title='bbox 1280 2299 1446 2391; x_wconf 90' lang='lat' dir='ltr'><strong>quomodo</strong></span> <span class='ocrx_word' id='word_1_154' title='bbox 1477 2299 1563 2371; x_wconf 89' lang='lat' dir='ltr'><strong>inter</strong></span> <span class='ocrx_word' id='word_1_155' title='bbox 1599 2299 1645 2370; x_wconf 89' lang='lat' dir='ltr'><strong>eis</strong></span> 
     </span>
     <span class='ocr_line' id='line_1_15' title="bbox 213 2418 1647 2517; baseline 0.005 -29"><span class='ocrx_word' id='word_1_156' title='bbox 213 2418 360 2510; x_wconf 82' lang='lat' dir='ltr'><strong>superius</strong></span> <span class='ocrx_word' id='word_1_157' title='bbox 384 2419 469 2487; x_wconf 91' lang='lat' dir='ltr'><strong>mori</strong></span> <span class='ocrx_word' id='word_1_158' title='bbox 493 2419 628 2511; x_wconf 83' lang='lat' dir='ltr'><strong>religavi</strong></span> <span class='ocrx_word' id='word_1_159' title='bbox 653 2419 692 2490; x_wconf 91' lang='lat' dir='ltr'><strong>de</strong></span> <span class='ocrx_word' id='word_1_160' title='bbox 725 2431 903 2490; x_wconf 88' lang='lat' dir='ltr'><strong>memorata</strong></span> <span class='ocrx_word' id='word_1_161' title='bbox 934 2431 1036 2494; x_wconf 87' lang='lat' dir='ltr'><strong>terras</strong></span> <span class='ocrx_word' id='word_1_162' title='bbox 1068 2448 1148 2517; x_wconf 88' lang='lat' dir='ltr'><strong>quas</strong></span> <span class='ocrx_word' id='word_1_163' title='bbox 1179 2425 1219 2495; x_wconf 91' lang='lat' dir='ltr'><strong>ad</strong></span> <span class='ocrx_word' id='word_1_164' title='bbox 1243 2426 1370 2496; x_wconf 90' lang='lat' dir='ltr'><strong>ovitum</strong></span> <span class='ocrx_word' id='word_1_165' title='bbox 1401 2449 1511 2497; x_wconf 91' lang='lat' dir='ltr'><strong>meum</strong></span> <span class='ocrx_word' id='word_1_166' title='bbox 1536 2427 1576 2497; x_wconf 93' lang='lat' dir='ltr'><strong>ad</strong></span> <span class='ocrx_word' id='word_1_167' title='bbox 1600 2427 1647 2496; x_wconf 88' lang='lat' dir='ltr'><strong>eis</strong></span> 
     </span>
     <span class='ocr_line' id='line_1_16' title="bbox 214 2525 1644 2639; baseline 0.006 -29"><span class='ocrx_word' id='word_1_168' title='bbox 214 2541 342 2610; x_wconf 87' lang='lat' dir='ltr'><strong>donavi.</strong></span> <span class='ocrx_word' id='word_1_169' title='bbox 366 2552 398 2610; x_wconf 91' lang='lat' dir='ltr'><strong>et</strong></span> <span class='ocrx_word' id='word_1_170' title='bbox 422 2544 448 2611; x_wconf 88' lang='lat' dir='ltr'><strong>si</strong></span> <span class='ocrx_word' id='word_1_171' title='bbox 473 2543 513 2612; x_wconf 90' lang='lat' dir='ltr'><strong>ad</strong></span> <span class='ocrx_word' id='word_1_172' title='bbox 538 2543 663 2613; x_wconf 83' lang='lat' dir='ltr'><strong>oritum</strong></span> <span class='ocrx_word' id='word_1_173' title='bbox 687 2525 857 2614; x_wconf 89' lang='lat' dir='ltr'><strong>memorati</strong></span> <span class='ocrx_word' id='word_1_174' title='bbox 881 2545 939 2616; x_wconf 87' lang='lat' dir='ltr'><strong>lilii</strong></span> <span class='ocrx_word' id='word_1_175' title='bbox 963 2545 1027 2615; x_wconf 90' lang='lat' dir='ltr'><strong>mei</strong></span> <span class='ocrx_word' id='word_1_176' title='bbox 1051 2545 1187 2639; x_wconf 83' lang='lat' dir='ltr'><strong>predicti</strong></span> <span class='ocrx_word' id='word_1_177' title='bbox 1210 2547 1376 2620; x_wconf 87' lang='lat' dir='ltr'><strong>hernaculi</strong></span> <span class='ocrx_word' id='word_1_178' title='bbox 1399 2549 1464 2620; x_wconf 91' lang='lat' dir='ltr'><strong>mei</strong></span> <span class='ocrx_word' id='word_1_179' title='bbox 1493 2548 1544 2618; x_wconf 91' lang='lat' dir='ltr'><strong>vel</strong></span> <span class='ocrx_word' id='word_1_180' title='bbox 1568 2549 1644 2619; x_wconf 89' lang='lat' dir='ltr'><strong>illo-</strong></span> 
     </span>
     <span class='ocr_line' id='line_1_17' title="bbox 213 2667 1643 2762; baseline 0.003 -27"><span class='ocrx_word' id='word_1_181' title='bbox 213 2691 287 2739; x_wconf 91' lang='lat' dir='ltr'><strong>rum</strong></span> <span class='ocrx_word' id='word_1_182' title='bbox 311 2667 482 2739; x_wconf 90' lang='lat' dir='ltr'><strong>heredibus</strong></span> <span class='ocrx_word' id='word_1_183' title='bbox 506 2690 572 2736; x_wconf 93' lang='lat' dir='ltr'><strong>non</strong></span> <span class='ocrx_word' id='word_1_184' title='bbox 596 2667 716 2738; x_wconf 86' lang='lat' dir='ltr'><strong>luerint</strong></span> <span class='ocrx_word' id='word_1_185' title='bbox 740 2677 796 2738; x_wconf 91' lang='lat' dir='ltr'><strong>aut</strong></span> <span class='ocrx_word' id='word_1_186' title='bbox 819 2668 847 2738; x_wconf 93' lang='lat' dir='ltr'><strong>si</strong></span> <span class='ocrx_word' id='word_1_187' title='bbox 870 2669 990 2739; x_wconf 85' lang='lat' dir='ltr'><strong>brerint</strong></span> <span class='ocrx_word' id='word_1_188' title='bbox 1014 2679 1047 2740; x_wconf 93' lang='lat' dir='ltr'><strong>et</strong></span> <span class='ocrx_word' id='word_1_189' title='bbox 1069 2670 1130 2762; x_wconf 93' lang='lat' dir='ltr'><strong>ipsi</strong></span> <span class='ocrx_word' id='word_1_190' title='bbox 1154 2669 1237 2739; x_wconf 87' lang='lat' dir='ltr'><strong>inira</strong></span> <span class='ocrx_word' id='word_1_191' title='bbox 1262 2680 1345 2740; x_wconf 89' lang='lat' dir='ltr'><strong>etate</strong></span> <span class='ocrx_word' id='word_1_192' title='bbox 1370 2679 1426 2743; x_wconf 91' lang='lat' dir='ltr'><strong>aut</strong></span> <span class='ocrx_word' id='word_1_193' title='bbox 1449 2671 1517 2744; x_wconf 91' lang='lat' dir='ltr'><strong>sine</strong></span> <span class='ocrx_word' id='word_1_194' title='bbox 1540 2669 1643 2741; x_wconf 90' lang='lat' dir='ltr'><strong>here-</strong></span> 
     </span>
    </p>
   </div>
   <div class='ocr_carea' id='block_1_4' title="bbox 207 2950 1645 4820">
    <p class='ocr_par' dir='ltr' id='par_1_4' title="bbox 207 2950 1645 4490">
     <span class='ocr_line' id='line_1_18' title="bbox 211 2950 1645 3034; baseline -0.001 -22"><span class='ocrx_word' id='word_1_195' title='bbox 211 2965 329 3014; x_wconf 83' lang='lat' dir='ltr'><strong>terram</strong></span> <span class='ocrx_word' id='word_1_196' title='bbox 345 2962 502 3034; x_wconf 81' lang='lat' dir='ltr'><strong>quantum</strong></span> <span class='ocrx_word' id='word_1_197' title='bbox 517 2950 556 3011; x_wconf 85' lang='lat' dir='ltr'><strong>de</strong></span> <span class='ocrx_word' id='word_1_198' title='bbox 570 2962 789 3032; x_wconf 79' lang='lat' dir='ltr'><strong>comparatum</strong></span> <span class='ocrx_word' id='word_1_199' title='bbox 809 2952 908 3013; x_wconf 80' lang='lat' dir='ltr'><strong>habui</strong></span> <span class='ocrx_word' id='word_1_200' title='bbox 922 2955 974 3013; x_wconf 82' lang='lat' dir='ltr'><strong>cel</strong></span> <span class='ocrx_word' id='word_1_201' title='bbox 986 2953 1024 3014; x_wconf 87' lang='lat' dir='ltr'><strong>dc</strong></span> <span class='ocrx_word' id='word_1_202' title='bbox 1045 2963 1250 3032; x_wconf 81' lang='lat' dir='ltr'><strong>parentorum</strong></span> <span class='ocrx_word' id='word_1_203' title='bbox 1267 2950 1314 3010; x_wconf 80' lang='lat' dir='ltr'><strong>ad</strong></span> <span class='ocrx_word' id='word_1_204' title='bbox 1327 2959 1482 3014; x_wconf 78' lang='lat' dir='ltr'><strong>Sanctum</strong></span> <span class='ocrx_word' id='word_1_205' title='bbox 1496 2955 1645 3012; x_wconf 78' lang='lat' dir='ltr'><strong>Lauren-</strong></span> 
     </span>
     <span class='ocr_line' id='line_1_19' title="bbox 211 3064 1640 3146; baseline 0 -20"><span class='ocrx_word' id='word_1_206' title='bbox 211 3068 298 3134; x_wconf 51' lang='lat' dir='ltr'><strong>tium¹</strong></span> <span class='ocrx_word' id='word_1_207' title='bbox 312 3077 343 3126; x_wconf 84' lang='lat' dir='ltr'><strong>et</strong></span> <span class='ocrx_word' id='word_1_208' title='bbox 360 3077 476 3126; x_wconf 85' lang='lat' dir='ltr'><strong>terram</strong></span> <span class='ocrx_word' id='word_1_209' title='bbox 497 3065 532 3122; x_wconf 84' lang='lat' dir='ltr'><strong>t&#39;n</strong></span> <span class='ocrx_word' id='word_1_210' title='bbox 554 3064 734 3130; x_wconf 80' lang='lat' dir='ltr'><strong>domoculta</strong></span> <span class='ocrx_word' id='word_1_211' title='bbox 753 3067 855 3128; x_wconf 80' lang='lat' dir='ltr'><strong>simul</strong></span> <span class='ocrx_word' id='word_1_212' title='bbox 872 3067 912 3128; x_wconf 86' lang='lat' dir='ltr'><strong>de</strong></span> <span class='ocrx_word' id='word_1_213' title='bbox 927 3077 1135 3146; x_wconf 76' lang='lat' dir='ltr'><strong>parentorum</strong></span> <span class='ocrx_word' id='word_1_214' title='bbox 1155 3065 1208 3126; x_wconf 79' lang='lat' dir='ltr'><strong>cel</strong></span> <span class='ocrx_word' id='word_1_215' title='bbox 1229 3065 1267 3126; x_wconf 83' lang='lat' dir='ltr'><strong>de</strong></span> <span class='ocrx_word' id='word_1_216' title='bbox 1287 3076 1511 3144; x_wconf 80' lang='lat' dir='ltr'><strong>comparatum</strong></span> <span class='ocrx_word' id='word_1_217' title='bbox 1545 3077 1577 3126; x_wconf 72' lang='lat' dir='ltr'><strong>et</strong></span> <span class='ocrx_word' id='word_1_218' title='bbox 1606 3069 1640 3127; x_wconf 82' lang='lat' dir='ltr'><strong>iu</strong></span> 
     </span>
     <span class='ocr_line' id='line_1_20' title="bbox 215 3173 1637 3256; baseline -0.002 -20"><span class='ocrx_word' id='word_1_219' title='bbox 215 3178 391 3236; x_wconf 76' lang='lat' dir='ltr'><strong>Caesenam</strong></span> <span class='ocrx_word' id='word_1_220' title='bbox 412 3185 442 3234; x_wconf 84' lang='lat' dir='ltr'><strong>et</strong></span> <span class='ocrx_word' id='word_1_221' title='bbox 455 3186 611 3256; x_wconf 82' lang='lat' dir='ltr'><strong>quantum</strong></span> <span class='ocrx_word' id='word_1_222' title='bbox 631 3175 668 3236; x_wconf 83' lang='lat' dir='ltr'><strong>cle</strong></span> <span class='ocrx_word' id='word_1_223' title='bbox 688 3185 884 3237; x_wconf 84' lang='lat' dir='ltr'><strong>mortuorum</strong></span> <span class='ocrx_word' id='word_1_224' title='bbox 900 3175 972 3248; x_wconf 85' lang='lat' dir='ltr'><strong>fuit</strong></span> <span class='ocrx_word' id='word_1_225' title='bbox 989 3177 1025 3234; x_wconf 82' lang='lat' dir='ltr'><strong>in</strong></span> <span class='ocrx_word' id='word_1_226' title='bbox 1045 3174 1224 3235; x_wconf 83' lang='lat' dir='ltr'><strong>donwctrlta</strong></span> <span class='ocrx_word' id='word_1_227' title='bbox 1246 3188 1302 3235; x_wconf 89' lang='lat' dir='ltr'><strong>eto.</strong></span> <span class='ocrx_word' id='word_1_228' title='bbox 1320 3173 1445 3235; x_wconf 80' lang='lat' dir='ltr'><strong>Inferius</strong></span> <span class='ocrx_word' id='word_1_229' title='bbox 1467 3175 1538 3234; x_wconf 89' lang='lat' dir='ltr'><strong>item</strong></span> <span class='ocrx_word' id='word_1_230' title='bbox 1559 3173 1637 3254; x_wconf 84' lang='lat' dir='ltr'><strong>legi-</strong></span> 
     </span>
     <span class='ocr_line' id='line_1_21' title="bbox 212 3281 1635 3366; baseline -0.001 -20"><span class='ocrx_word' id='word_1_231' title='bbox 212 3301 274 3352; x_wconf 67' lang='lat' dir='ltr'><strong>tera</strong></span> <span class='ocrx_word' id='word_1_232' title='bbox 298 3285 413 3346; x_wconf 79' lang='lat' dir='ltr'><strong>babeat</strong></span> <span class='ocrx_word' id='word_1_233' title='bbox 426 3294 456 3345; x_wconf 86' lang='lat' dir='ltr'><strong>et</strong></span> <span class='ocrx_word' id='word_1_234' title='bbox 470 3287 542 3366; x_wconf 81' lang='lat' dir='ltr'><strong>ipsa</strong></span> <span class='ocrx_word' id='word_1_235' title='bbox 556 3287 650 3346; x_wconf 75' lang='lat' dir='ltr'><strong>arrisere</strong></span> <span class='ocrx_word' id='word_1_236' title='bbox 665 3298 695 3346; x_wconf 85' lang='lat' dir='ltr'><strong>et</strong></span> <span class='ocrx_word' id='word_1_237' title='bbox 708 3295 789 3346; x_wconf 85' lang='lat' dir='ltr'><strong>terra</strong></span> <span class='ocrx_word' id='word_1_238' title='bbox 802 3289 867 3347; x_wconf 83' lang='lat' dir='ltr'><strong>sive</strong></span> <span class='ocrx_word' id='word_1_239' title='bbox 881 3285 918 3346; x_wconf 86' lang='lat' dir='ltr'><strong>de</strong></span> <span class='ocrx_word' id='word_1_240' title='bbox 938 3294 1125 3365; x_wconf 83' lang='lat' dir='ltr'><strong>comparatu</strong></span> <span class='ocrx_word' id='word_1_241' title='bbox 1140 3283 1204 3344; x_wconf 84' lang='lat' dir='ltr'><strong>siue</strong></span> <span class='ocrx_word' id='word_1_242' title='bbox 1220 3281 1258 3343; x_wconf 86' lang='lat' dir='ltr'><strong>de</strong></span> <span class='ocrx_word' id='word_1_243' title='bbox 1275 3293 1469 3344; x_wconf 68' lang='lat' dir='ltr'><strong>mortuorum</strong></span> <span class='ocrx_word' id='word_1_244' title='bbox 1478 3283 1586 3362; x_wconf 84' lang='lat' dir='ltr'><strong>posita</strong></span> <span class='ocrx_word' id='word_1_245' title='bbox 1600 3285 1635 3344; x_wconf 84' lang='lat' dir='ltr'><strong>in</strong></span> 
     </span>
     <span class='ocr_line' id='line_1_22' title="bbox 209 3395 1638 3480; baseline -0.006 -18"><span class='ocrx_word' id='word_1_246' title='bbox 209 3402 370 3462; x_wconf 75' lang='lat' dir='ltr'><strong>Pontiano.</strong></span> <span class='ocrx_word' id='word_1_247' title='bbox 391 3403 418 3464; x_wconf 83' lang='lat' dir='ltr'><strong>F</strong></span> <span class='ocrx_word' id='word_1_248' title='bbox 420 3399 574 3462; x_wconf 88' lang='lat' dir='ltr'><strong>ridericius</strong></span> <span class='ocrx_word' id='word_1_249' title='bbox 594 3401 624 3461; x_wconf 88' lang='lat' dir='ltr'><strong>in</strong></span> <span class='ocrx_word' id='word_1_250' title='bbox 645 3421 697 3460; x_wconf 90' lang='lat' dir='ltr'><strong>sno</strong></span> <span class='ocrx_word' id='word_1_251' title='bbox 718 3400 832 3480; x_wconf 88' lang='lat' dir='ltr'><strong>saepius</strong></span> <span class='ocrx_word' id='word_1_252' title='bbox 848 3419 901 3480; x_wconf 91' lang='lat' dir='ltr'><strong>per</strong></span> <span class='ocrx_word' id='word_1_253' title='bbox 916 3419 968 3458; x_wconf 92' lang='lat' dir='ltr'><strong>nos</strong></span> <span class='ocrx_word' id='word_1_254' title='bbox 982 3409 1149 3459; x_wconf 89' lang='lat' dir='ltr'><strong>memorato</strong></span> <span class='ocrx_word' id='word_1_255' title='bbox 1164 3417 1254 3479; x_wconf 89' lang='lat' dir='ltr'><strong>opere</strong></span> <span class='ocrx_word' id='word_1_256' title='bbox 1268 3395 1280 3480; x_wconf 91' lang='lat'>(</span> <span class='ocrx_word' id='word_1_257' title='bbox 1286 3417 1365 3477; x_wconf 81' lang='lat' dir='ltr'><strong>pag.</strong></span> <span class='ocrx_word' id='word_1_258' title='bbox 1385 3395 1469 3478; x_wconf 70' lang='lat'><strong>135)</strong></span> <span class='ocrx_word' id='word_1_259' title='bbox 1485 3396 1638 3456; x_wconf 80' lang='lat' dir='ltr'><strong>itatenus</strong></span> 
     </span>
     <span class='ocr_line' id='line_1_23' title="bbox 209 3506 1636 3593; baseline -0.004 -21"><span class='ocrx_word' id='word_1_260' title='bbox 209 3523 407 3573; x_wconf 73' lang='lat' dir='ltr'><strong>monuerunt</strong></span> <span class='ocrx_word' id='word_1_261' title='bbox 427 3511 483 3574; x_wconf 83' lang='lat' dir='ltr'><strong>fuir</strong></span> <span class='ocrx_word' id='word_1_262' title='bbox 505 3513 733 3593; x_wconf 87' lang='lat' dir='ltr'><strong>interpretatus,</strong></span> <span class='ocrx_word' id='word_1_263' title='bbox 755 3526 790 3574; x_wconf 87' lang='lat' dir='ltr'><strong>ut</strong></span> <span class='ocrx_word' id='word_1_264' title='bbox 810 3509 929 3573; x_wconf 80' lang='lat' dir='ltr'><strong>easdem</strong></span> <span class='ocrx_word' id='word_1_265' title='bbox 950 3511 1125 3571; x_wconf 81' lang='lat' dir='ltr'><strong>existimarit</strong></span> <span class='ocrx_word' id='word_1_266' title='bbox 1149 3508 1304 3570; x_wconf 87' lang='lat' dir='ltr'><strong>denotasse</strong></span> <span class='ocrx_word' id='word_1_267' title='bbox 1325 3506 1462 3591; x_wconf 88' lang='lat' dir='ltr'><strong>praedia,</strong></span> <span class='ocrx_word' id='word_1_268' title='bbox 1482 3528 1561 3591; x_wconf 84' lang='lat' dir='ltr'><strong>quae</strong></span> <span class='ocrx_word' id='word_1_269' title='bbox 1584 3507 1636 3569; x_wconf 87' lang='lat' dir='ltr'><strong>vel</strong></span> 
     </span>
     <span class='ocr_line' id='line_1_24' title="bbox 210 3618 1633 3706; baseline -0.003 -24"><span class='ocrx_word' id='word_1_270' title='bbox 210 3635 328 3684; x_wconf 85' lang='lat' dir='ltr'><strong>exterus</strong></span> <span class='ocrx_word' id='word_1_271' title='bbox 349 3621 498 3706; x_wconf 88' lang='lat' dir='ltr'><strong>quispiam</strong></span> <span class='ocrx_word' id='word_1_272' title='bbox 519 3621 738 3702; x_wconf 82' lang='lat' dir='ltr'><strong>acquisiverat,</strong></span> <span class='ocrx_word' id='word_1_273' title='bbox 758 3620 810 3680; x_wconf 86' lang='lat' dir='ltr'><strong>vel</strong></span> <span class='ocrx_word' id='word_1_274' title='bbox 831 3619 868 3682; x_wconf 86' lang='lat' dir='ltr'><strong>ed</strong></span> <span class='ocrx_word' id='word_1_275' title='bbox 889 3641 974 3682; x_wconf 90' lang='lat' dir='ltr'><strong>reum</strong></span> <span class='ocrx_word' id='word_1_276' title='bbox 995 3619 1129 3704; x_wconf 88' lang='lat' dir='ltr'><strong>aliquem</strong></span> <span class='ocrx_word' id='word_1_277' title='bbox 1144 3621 1242 3701; x_wconf 85' lang='lat' dir='ltr'><strong>capite</strong></span> <span class='ocrx_word' id='word_1_278' title='bbox 1259 3618 1438 3681; x_wconf 88' lang='lat' dir='ltr'><strong>damnatum</strong></span> <span class='ocrx_word' id='word_1_279' title='bbox 1451 3621 1633 3702; x_wconf 84' lang='lat' dir='ltr'><strong>spectabant,</strong></span> 
     </span>
     <span class='ocr_line' id='line_1_25' title="bbox 209 3731 1634 3817; baseline -0.005 -22"><span class='ocrx_word' id='word_1_280' title='bbox 209 3751 276 3817; x_wconf 91' lang='lat' dir='ltr'><strong>post</strong></span> <span class='ocrx_word' id='word_1_281' title='bbox 296 3757 398 3796; x_wconf 89' lang='lat' dir='ltr'><strong>eorum</strong></span> <span class='ocrx_word' id='word_1_282' title='bbox 422 3759 496 3799; x_wconf 87' lang='lat' dir='ltr'><strong>vcro</strong></span> <span class='ocrx_word' id='word_1_283' title='bbox 524 3737 681 3798; x_wconf 90' lang='lat' dir='ltr'><strong>interitum</strong></span> <span class='ocrx_word' id='word_1_284' title='bbox 713 3733 751 3794; x_wconf 86' lang='lat' dir='ltr'><strong>ad</strong></span> <span class='ocrx_word' id='word_1_285' title='bbox 772 3733 922 3816; x_wconf 85' lang='lat' dir='ltr'><strong>Principis</strong></span> <span class='ocrx_word' id='word_1_286' title='bbox 943 3733 1053 3794; x_wconf 84' lang='lat' dir='ltr'><strong>fiscum</strong></span> <span class='ocrx_word' id='word_1_287' title='bbox 1083 3754 1120 3793; x_wconf 85' lang='lat' dir='ltr'><strong>ex</strong></span> <span class='ocrx_word' id='word_1_288' title='bbox 1151 3731 1235 3792; x_wconf 87' lang='lat' dir='ltr'><strong>illiue</strong></span> <span class='ocrx_word' id='word_1_289' title='bbox 1259 3731 1325 3794; x_wconf 85' lang='lat' dir='ltr'><strong>aevi</strong></span> <span class='ocrx_word' id='word_1_290' title='bbox 1356 3731 1470 3811; x_wconf 77' lang='lat' dir='ltr'><strong>legibus</strong></span> <span class='ocrx_word' id='word_1_291' title='bbox 1489 3731 1634 3792; x_wconf 89' lang='lat' dir='ltr'><strong>devoluta</strong></span> 
     </span>
     <span class='ocr_line' id='line_1_26' title="bbox 208 3838 1633 3925; baseline -0.007 -19"><span class='ocrx_word' id='word_1_292' title='bbox 208 3845 337 3908; x_wconf 72' lang='lat' dir='ltr'><strong>fuerant.</strong></span> <span class='ocrx_word' id='word_1_293' title='bbox 357 3844 449 3905; x_wconf 87' lang='lat' dir='ltr'><strong>Nobis</strong></span> <span class='ocrx_word' id='word_1_294' title='bbox 469 3843 580 3905; x_wconf 80' lang='lat' dir='ltr'><strong>arridet</strong></span> <span class='ocrx_word' id='word_1_295' title='bbox 598 3843 655 3914; x_wconf 76' lang='lat' dir='ltr'><strong>hoc</strong></span> <span class='ocrx_word' id='word_1_296' title='bbox 675 3843 926 3925; x_wconf 81' lang='lat' dir='ltr'><strong>interpretationis</strong></span> <span class='ocrx_word' id='word_1_297' title='bbox 946 3863 1059 3924; x_wconf 82' lang='lat' dir='ltr'><strong>genus,</strong></span> <span class='ocrx_word' id='word_1_298' title='bbox 1082 3862 1118 3904; x_wconf 83' lang='lat' dir='ltr'><strong>ac</strong></span> <span class='ocrx_word' id='word_1_299' title='bbox 1139 3841 1204 3903; x_wconf 84' lang='lat' dir='ltr'><strong>lieri</strong></span> <span class='ocrx_word' id='word_1_300' title='bbox 1228 3841 1319 3902; x_wconf 88' lang='lat' dir='ltr'><strong>etiam</strong></span> <span class='ocrx_word' id='word_1_301' title='bbox 1338 3841 1470 3923; x_wconf 88' lang='lat' dir='ltr'><strong>potuisse</strong></span> <span class='ocrx_word' id='word_1_302' title='bbox 1490 3838 1633 3915; x_wconf 84' lang='lat' dir='ltr'><strong>ridetur,</strong></span> 
     </span>
     <span class='ocr_line' id='line_1_27' title="bbox 210 3947 1637 4036; baseline -0.003 -23"><span class='ocrx_word' id='word_1_303' title='bbox 210 3966 245 4012; x_wconf 88' lang='lat' dir='ltr'><strong>ttt</strong></span> <span class='ocrx_word' id='word_1_304' title='bbox 265 3953 408 4036; x_wconf 84' lang='lat' dir='ltr'><strong>praedia,</strong></span> <span class='ocrx_word' id='word_1_305' title='bbox 431 3974 509 4034; x_wconf 86' lang='lat' dir='ltr'><strong>quae</strong></span> <span class='ocrx_word' id='word_1_306' title='bbox 527 3953 586 4012; x_wconf 90' lang='lat' dir='ltr'><strong>hoc</strong></span> <span class='ocrx_word' id='word_1_307' title='bbox 607 3965 694 4034; x_wconf 88' lang='lat' dir='ltr'><strong>pacto</strong></span> <span class='ocrx_word' id='word_1_308' title='bbox 714 3954 745 4010; x_wconf 91' lang='lat' dir='ltr'><strong>in</strong></span> <span class='ocrx_word' id='word_1_309' title='bbox 765 3953 910 4032; x_wconf 86' lang='lat' dir='ltr'><strong>Principis</strong></span> <span class='ocrx_word' id='word_1_310' title='bbox 930 3967 1075 4012; x_wconf 82' lang='lat' dir='ltr'><strong>venerant</strong></span> <span class='ocrx_word' id='word_1_311' title='bbox 1094 3963 1287 4035; x_wconf 83' lang='lat' dir='ltr'><strong>potestatem,</strong></span> <span class='ocrx_word' id='word_1_312' title='bbox 1305 3967 1493 4032; x_wconf 85' lang='lat' dir='ltr'><strong>quamquam</strong></span> <span class='ocrx_word' id='word_1_313' title='bbox 1513 3947 1552 4007; x_wconf 82' lang='lat' dir='ltr'><strong>ab</strong></span> <span class='ocrx_word' id='word_1_314' title='bbox 1572 3949 1637 4029; x_wconf 91' lang='lat' dir='ltr'><strong>ipso</strong></span> 
     </span>
     <span class='ocr_line' id='line_1_28' title="bbox 211 4057 1635 4146; baseline -0.006 -18"><span class='ocrx_word' id='word_1_315' title='bbox 211 4064 335 4133; x_wconf 81' lang='lat' dir='ltr'><strong>vendita</strong></span> <span class='ocrx_word' id='word_1_316' title='bbox 356 4078 408 4125; x_wconf 88' lang='lat' dir='ltr'><strong>aut</strong></span> <span class='ocrx_word' id='word_1_317' title='bbox 430 4065 540 4126; x_wconf 86' lang='lat' dir='ltr'><strong>donata</strong></span> <span class='ocrx_word' id='word_1_318' title='bbox 560 4066 702 4142; x_wconf 83' lang='lat' dir='ltr'><strong>luissent,</strong></span> <span class='ocrx_word' id='word_1_319' title='bbox 727 4062 825 4124; x_wconf 87' lang='lat' dir='ltr'><strong>adhuc</strong></span> <span class='ocrx_word' id='word_1_320' title='bbox 847 4077 948 4126; x_wconf 86' lang='lat' dir='ltr'><strong>tamen</strong></span> <span class='ocrx_word' id='word_1_321' title='bbox 969 4063 1051 4146; x_wconf 89' lang='lat' dir='ltr'><strong>apud</strong></span> <span class='ocrx_word' id='word_1_322' title='bbox 1069 4084 1160 4125; x_wconf 81' lang='lat' dir='ltr'><strong>novos</strong></span> <span class='ocrx_word' id='word_1_323' title='bbox 1180 4081 1353 4144; x_wconf 87' lang='lat' dir='ltr'><strong>possessores</strong></span> <span class='ocrx_word' id='word_1_324' title='bbox 1373 4075 1548 4142; x_wconf 88' lang='lat' dir='ltr'><strong>nuncupata</strong></span> <span class='ocrx_word' id='word_1_325' title='bbox 1569 4057 1635 4120; x_wconf 86' lang='lat' dir='ltr'><strong>sue-</strong></span> 
     </span>
     <span class='ocr_line' id='line_1_29' title="bbox 207 4172 1634 4260; baseline -0.006 -20"><span class='ocrx_word' id='word_1_326' title='bbox 207 4181 270 4240; x_wconf 86' lang='lat' dir='ltr'><strong>rint</strong></span> <span class='ocrx_word' id='word_1_327' title='bbox 279 4178 423 4255; x_wconf 80' lang='lat' dir='ltr'><strong>fttttdora</strong></span> <span class='ocrx_word' id='word_1_328' title='bbox 443 4188 656 4254; x_wconf 82' lang='lat' dir='ltr'><strong>mortuorum,</strong></span> <span class='ocrx_word' id='word_1_329' title='bbox 689 4178 858 4258; x_wconf 88' lang='lat' dir='ltr'><strong>etreliqua</strong></span> <span class='ocrx_word' id='word_1_330' title='bbox 878 4177 1055 4238; x_wconf 88' lang='lat' dir='ltr'><strong>eorumdem</strong></span> <span class='ocrx_word' id='word_1_331' title='bbox 1077 4175 1218 4260; x_wconf 85' lang='lat' dir='ltr'><strong>praedia,</strong></span> <span class='ocrx_word' id='word_1_332' title='bbox 1240 4195 1302 4259; x_wconf 82' lang='lat' dir='ltr'><strong>quo</strong></span> <span class='ocrx_word' id='word_1_333' title='bbox 1320 4195 1337 4235; x_wconf 90' lang='lat' dir='ltr'><strong>a</strong></span> <span class='ocrx_word' id='word_1_334' title='bbox 1356 4173 1500 4258; x_wconf 89' lang='lat' dir='ltr'><strong>prioribus</strong></span> <span class='ocrx_word' id='word_1_335' title='bbox 1525 4172 1634 4234; x_wconf 86' lang='lat' dir='ltr'><strong>discer-</strong></span> 
     </span>
     <span class='ocr_line' id='line_1_30' title="bbox 207 4288 1635 4372; baseline -0.008 -16"><span class='ocrx_word' id='word_1_336' title='bbox 207 4307 363 4371; x_wconf 79' lang='lat' dir='ltr'><strong>merentur,</strong></span> <span class='ocrx_word' id='word_1_337' title='bbox 382 4294 529 4354; x_wconf 80' lang='lat' dir='ltr'><strong>vivorum</strong></span> <span class='ocrx_word' id='word_1_338' title='bbox 549 4292 603 4353; x_wconf 88' lang='lat' dir='ltr'><strong>sibi</strong></span> <span class='ocrx_word' id='word_1_339' title='bbox 622 4292 879 4353; x_wconf 87' lang='lat' dir='ltr'><strong>nomenclaturam</strong></span> <span class='ocrx_word' id='word_1_340' title='bbox 901 4291 1089 4355; x_wconf 83' lang='lat' dir='ltr'><strong>adsciverint.</strong></span> <span class='ocrx_word' id='word_1_341' title='bbox 1118 4293 1185 4352; x_wconf 88' lang='lat' dir='ltr'><strong>Hac</strong></span> <span class='ocrx_word' id='word_1_342' title='bbox 1205 4288 1329 4372; x_wconf 85' lang='lat' dir='ltr'><strong>quidem</strong></span> <span class='ocrx_word' id='word_1_343' title='bbox 1351 4289 1468 4351; x_wconf 89' lang='lat' dir='ltr'><strong>notione</strong></span> <span class='ocrx_word' id='word_1_344' title='bbox 1491 4289 1521 4347; x_wconf 89' lang='lat' dir='ltr'><strong>in</strong></span> <span class='ocrx_word' id='word_1_345' title='bbox 1546 4305 1635 4368; x_wconf 89' lang='lat' dir='ltr'><strong>prae·</strong></span> 
     </span>
     <span class='ocr_line' id='line_1_31' title="bbox 207 4403 1346 4490; baseline -0.002 -24"><span class='ocrx_word' id='word_1_346' title='bbox 207 4407 280 4474; x_wconf 78' lang='lat' dir='ltr'><strong>senti</strong></span> <span class='ocrx_word' id='word_1_347' title='bbox 301 4403 478 4466; x_wconf 86' lang='lat' dir='ltr'><strong>documento</strong></span> <span class='ocrx_word' id='word_1_348' title='bbox 498 4405 597 4490; x_wconf 88' lang='lat' dir='ltr'><strong>potius</strong></span> <span class='ocrx_word' id='word_1_349' title='bbox 618 4403 796 4486; x_wconf 85' lang='lat' dir='ltr'><strong>accipienda</strong></span> <span class='ocrx_word' id='word_1_350' title='bbox 820 4403 973 4467; x_wconf 86' lang='lat' dir='ltr'><strong>vocabula</strong></span> <span class='ocrx_word' id='word_1_351' title='bbox 994 4403 1026 4464; x_wconf 91' lang='lat' dir='ltr'><strong>id</strong></span> <span class='ocrx_word' id='word_1_352' title='bbox 1045 4423 1135 4485; x_wconf 79' lang='lat' dir='ltr'><strong>genus</strong></span> <span class='ocrx_word' id='word_1_353' title='bbox 1156 4403 1346 4464; x_wconf 86' lang='lat' dir='ltr'><strong>arbitramur.</strong></span> 
     </span>
    </p>

    <p class='ocr_par' dir='ltr' id='par_1_5' title="bbox 208 4507 1635 4820">
     <span class='ocr_line' id='line_1_32' title="bbox 292 4507 1635 4597; baseline -0.007 -21"><span class='ocrx_word' id='word_1_354' title='bbox 292 4514 338 4597; x_wconf 85' lang='lat'><strong>(7)</strong></span> <span class='ocrx_word' id='word_1_355' title='bbox 363 4513 616 4590; x_wconf 81' lang='lat' dir='ltr'><strong>Contmendt&#39;tus,</strong></span> <span class='ocrx_word' id='word_1_356' title='bbox 631 4513 683 4574; x_wconf 87' lang='lat' dir='ltr'><strong>vel</strong></span> <span class='ocrx_word' id='word_1_357' title='bbox 701 4513 946 4576; x_wconf 73' lang='lat' dir='ltr'><strong>commendatur</strong></span> <span class='ocrx_word' id='word_1_358' title='bbox 960 4528 1024 4575; x_wconf 89' lang='lat' dir='ltr'><strong>erat</strong></span> <span class='ocrx_word' id='word_1_359' title='bbox 1036 4513 1182 4574; x_wconf 83' lang='lat' dir='ltr'><strong>vassallus</strong></span> <span class='ocrx_word' id='word_1_360' title='bbox 1196 4512 1315 4574; x_wconf 92' lang='lat' dir='ltr'><strong>domino</strong></span> <span class='ocrx_word' id='word_1_361' title='bbox 1330 4509 1499 4589; x_wconf 86' lang='lat' dir='ltr'><strong>fidelitatis,</strong></span> <span class='ocrx_word' id='word_1_362' title='bbox 1521 4507 1635 4568; x_wconf 88' lang='lat' dir='ltr'><strong>benefi-</strong></span> 
     </span>
     <span class='ocr_line' id='line_1_33' title="bbox 209 4623 1632 4709; baseline -0.006 -21"><span class='ocrx_word' id='word_1_363' title='bbox 209 4629 263 4704; x_wconf 91' lang='lat' dir='ltr'><strong>cii,</strong></span> <span class='ocrx_word' id='word_1_364' title='bbox 279 4627 330 4688; x_wconf 84' lang='lat' dir='ltr'><strong>vel</strong></span> <span class='ocrx_word' id='word_1_365' title='bbox 349 4625 434 4688; x_wconf 84' lang='lat' dir='ltr'><strong>tundi</strong></span> <span class='ocrx_word' id='word_1_366' title='bbox 453 4628 566 4688; x_wconf 85' lang='lat' dir='ltr'><strong>ratione</strong></span> <span class='ocrx_word' id='word_1_367' title='bbox 587 4625 741 4688; x_wconf 79' lang='lat' dir='ltr'><strong>adanictus</strong></span> <span class='ocrx_word' id='word_1_368' title='bbox 772 4627 835 4709; x_wconf 87' lang='lat' dir='ltr'><strong>(V.</strong></span> <span class='ocrx_word' id='word_1_369' title='bbox 863 4625 998 4706; x_wconf 74' lang='lat' dir='ltr'><strong>captant.</strong></span> <span class='ocrx_word' id='word_1_370' title='bbox 1021 4628 1130 4706; x_wconf 76' lang='lat' dir='ltr'><strong>Papia.</strong></span> <span class='ocrx_word' id='word_1_371' title='bbox 1155 4631 1234 4706; x_wconf 66' lang='lat' dir='ltr'><strong>Reg.</strong></span> <span class='ocrx_word' id='word_1_372' title='bbox 1256 4623 1365 4707; x_wconf 85' lang='lat' dir='ltr'><strong>Ital.)</strong></span> <span class='ocrx_word' id='word_1_373' title='bbox 1389 4626 1511 4704; x_wconf 88' lang='lat' dir='ltr'><strong>Insuper</strong></span> <span class='ocrx_word' id='word_1_374' title='bbox 1541 4625 1632 4684; x_wconf 85' lang='lat' dir='ltr'><strong>Com-</strong></span> 
     </span>
     <span class='ocr_line' id='line_1_34' title="bbox 208 4729 1632 4820; baseline -0.008 -18"><span class='ocrx_word' id='word_1_375' title='bbox 208 4739 351 4802; x_wconf 82' lang='lat' dir='ltr'><strong>mendatt&#39;</strong></span> <span class='ocrx_word' id='word_1_376' title='bbox 368 4739 541 4802; x_wconf 86' lang='lat' dir='ltr'><strong>dicebantur</strong></span> <span class='ocrx_word' id='word_1_377' title='bbox 560 4739 662 4815; x_wconf 84' lang='lat' dir='ltr'><strong>servi,</strong></span> <span class='ocrx_word' id='word_1_378' title='bbox 685 4739 738 4818; x_wconf 87' lang='lat' dir='ltr'><strong>qui</strong></span> <span class='ocrx_word' id='word_1_379' title='bbox 758 4736 925 4797; x_wconf 88' lang='lat' dir='ltr'><strong>libertatem</strong></span> <span class='ocrx_word' id='word_1_380' title='bbox 947 4739 1118 4820; x_wconf 88' lang='lat' dir='ltr'><strong>assequuti,</strong></span> <span class='ocrx_word' id='word_1_381' title='bbox 1143 4738 1363 4798; x_wconf 86' lang='lat' dir='ltr'><strong>manumissoris</strong></span> <span class='ocrx_word' id='word_1_382' title='bbox 1383 4733 1524 4796; x_wconf 90' lang='lat' dir='ltr'><strong>ecclesiae</strong></span> <span class='ocrx_word' id='word_1_383' title='bbox 1541 4775 1550 4806; x_wconf 88' lang='lat'><em>,</em></span> <span class='ocrx_word' id='word_1_384' title='bbox 1569 4729 1632 4792; x_wconf 31' lang='lat' dir='ltr'><strong>*vel</strong></span> 
     </span>
    </p>
   </div>
   <div class='ocr_carea' id='block_1_5' title="bbox 207 4848 1744 4935">
    <p class='ocr_par' dir='ltr' id='par_1_6' title="bbox 207 4848 1744 4935">
     <span class='ocr_line' id='line_1_35' title="bbox 207 4848 1744 4935; baseline -0.005 -19"><span class='ocrx_word' id='word_1_385' title='bbox 207 4855 330 4916; x_wconf 75' lang='lat' dir='ltr'><strong>durius</strong></span> <span class='ocrx_word' id='word_1_386' title='bbox 350 4856 509 4935; x_wconf 90' lang='lat' dir='ltr'><strong>patrocinio</strong></span> <span class='ocrx_word' id='word_1_387' title='bbox 530 4875 616 4916; x_wconf 87' lang='lat' dir='ltr'><strong>suam</strong></span> <span class='ocrx_word' id='word_1_388' title='bbox 636 4853 847 4934; x_wconf 78' lang='lat' dir='ltr'><strong>ingenuitatem</strong></span> <span class='ocrx_word' id='word_1_389' title='bbox 867 4851 1149 4928; x_wconf 79' lang='lat' dir='ltr'><strong>commendabunt,</strong></span> <span class='ocrx_word' id='word_1_390' title='bbox 1179 4871 1256 4933; x_wconf 89' lang='lat' dir='ltr'><strong>quae</strong></span> <span class='ocrx_word' id='word_1_391' title='bbox 1277 4849 1404 4911; x_wconf 82' lang='lat' dir='ltr'><strong>facultas</strong></span> <span class='ocrx_word' id='word_1_392' title='bbox 1424 4869 1477 4932; x_wconf 87' lang='lat' dir='ltr'><strong>per</strong></span> <span class='ocrx_word' id='word_1_393' title='bbox 1496 4848 1630 4910; x_wconf 83' lang='lat' dir='ltr'><strong>chartam</strong></span> <span class='ocrx_word' id='word_1_394' title='bbox 1739 4927 1744 4934; x_wconf 88' lang='lat'><em>.</em></span> 
     </span>
    </p>
   </div>
   <div class='ocr_carea' id='block_1_6' title="bbox 206 4961 1257 5048">
    <p class='ocr_par' dir='ltr' id='par_1_7' title="bbox 206 4961 1257 5048">
     <span class='ocr_line' id='line_1_36' title="bbox 206 4961 1257 5048; baseline -0.01 -16"><span class='ocrx_word' id='word_1_395' title='bbox 206 4965 352 5032; x_wconf 84' lang='lat' dir='ltr'><strong>libertatis</strong></span> <span class='ocrx_word' id='word_1_396' title='bbox 372 4968 412 5030; x_wconf 88' lang='lat' dir='ltr'><strong>eis</strong></span> <span class='ocrx_word' id='word_1_397' title='bbox 432 4967 615 5031; x_wconf 81' lang='lat' dir='ltr'><strong>tribuebatur</strong></span> <span class='ocrx_word' id='word_1_398' title='bbox 636 4964 703 5048; x_wconf 90' lang='lat' dir='ltr'><strong>(V.</strong></span> <span class='ocrx_word' id='word_1_399' title='bbox 724 4963 877 5042; x_wconf 81' lang='lat' dir='ltr'><strong>Marculf.</strong></span> <span class='ocrx_word' id='word_1_400' title='bbox 900 4961 952 5025; x_wconf 84' lang='lat' dir='ltr'><strong>lib.</strong></span> <span class='ocrx_word' id='word_1_401' title='bbox 973 4967 1022 5025; x_wconf 85' lang='lat' dir='ltr'><strong>II.</strong></span> <span class='ocrx_word' id='word_1_402' title='bbox 1034 4963 1136 5042; x_wconf 84' lang='lat' dir='ltr'><strong>form.</strong></span> <span class='ocrx_word' id='word_1_403' title='bbox 1157 4963 1257 5045; x_wconf 54' lang='lat'><strong>32.)</strong></span> 
     </span>
    </p>
   </div>
   <div class='ocr_carea' id='block_1_7' title="bbox 0 0 2334 6508">
    <p class='ocr_par' dir='ltr' id='par_1_8' title="bbox 0 0 2334 6508">
     <span class='ocr_line' id='line_1_37' title="bbox 0 0 2334 6508; baseline 0 0"><span class='ocrx_word' id='word_1_404' title='bbox 0 0 2334 6508; x_wconf 95' lang='lat' dir='ltr'><strong> </strong></span> 
     </span>
    </p>
   </div>
  </div>
 </body>
</html>
