4658 6508
1322 657 1440 754 (9⁸)

1300 946 1450 1016 XXVlll.

549 1243 602 1288 an,
760 1205 797 1276 ln
822 1207 954 1277 nomine
979 1205 1105 1277 domini
1130 1206 1182 1276 dei
1206 1205 1375 1277 salvatoris
1391 1204 1496 1276 nostri
1520 1204 1613 1275 ihesu
1630 1205 1742 1275 christi
1760 1207 1940 1298 imperante
1958 1205 2092 1280 dominu

536 1349 617 1412 937.
669 1345 783 1406 nostro
808 1333 1018 1407 Constantino
1041 1355 1161 1427 magno
1185 1333 1382 1426 imperatore
1406 1355 1492 1403 anno
1515 1330 1707 1403 tricesimo:
1734 1333 1790 1402 sed
1806 1339 1839 1403 et
1852 1353 1990 1404 romano
2013 1358 2093 1405 ma-

669 1481 735 1552 gno
759 1463 955 1549 imperatore
980 1483 1065 1530 anno
1089 1456 1360 1545 septimodecimo
1375 1455 1428 1521 die
1444 1451 1684 1544 quintadecima
1705 1455 1825 1524 mensis
1839 1456 1979 1526 octobrii
2003 1458 2095 1530 indi-

665 1587 771 1655 ctione
799 1581 971 1653 undecima
986 1581 1155 1674 neapolis:
1182 1580 1317 1650 Certum
1342 1590 1389 1648 est
1407 1601 1458 1649 me
1475 1580 1666 1672 gregorium
1682 1581 1816 1652 humilis
1840 1582 1939 1654 abhas
1961 1585 2093 1677 presbi-

666 1725 713 1780 ter
731 1711 778 1806 (ι)
796 1710 984 1781 monasterii
1008 1709 1094 1780 beati
1119 1708 1279 1801 arcangeli
1296 1705 1486 1779 michahelis
1510 1707 1609 1779 situm
1633 1708 1668 1778 in
1692 1709 1767 1780 vico
1786 1711 1845 1804 qui
1874 1721 2010 1782 vocatur
2041 1714 2087 1782 li-

741 2099 785 2180 (t)
808 2099 875 2158 Etsi
897 2119 959 2159 vox
981 2099 1169 2179 Presbyter,
1191 2115 1282 2181 prout
1302 2101 1342 2159 ait
1361 2097 1549 2181 Rudolphus
1569 2097 1600 2157 in
1620 2099 1652 2161 S.
1671 2097 1792 2159 Rabani
1817 2098 1883 2158 vita
1910 2097 1992 2179 apud
2013 2099 2096 2160 Can·

658 2215 742 2295 gium
771 2213 825 2297 (v.
842 2214 1034 2297 Presbyter)
1055 2216 1224 2297 simplicem
1245 2214 1400 2274 interdum
1421 2216 1606 2274 monachum
1627 2213 1799 2289 denotarit,
1821 2213 2000 2273 heictamen
2023 2236 2095 2276 cum

660 2324 790 2388 alteram
810 2347 918 2389 vocem
938 2326 1097 2387 Abbatem
1118 2340 1284 2408 sequatur,
1306 2327 1375 2386 satis
1395 2325 1519 2405 liquido
1538 2338 1622 2406 patet
1642 2327 1737 2406 ipsam
1753 2344 1809 2406 pro
1827 2321 1986 2382 sacerdote
2001 2346 2093 2384 usur-

658 2455 772 2521 patam.
792 2442 907 2502 Mirum
927 2461 1004 2502 vero
1024 2441 1139 2502 nemini
1161 2441 1249 2502 debet
1268 2439 1392 2518 videri,
1408 2442 1431 2500 si
1454 2439 1587 2517 Abbas,
1611 2439 1676 2500 eive
1695 2439 1876 2500 monasterio
1896 2439 2087 2521 praelectus,

659 2570 753 2630 quem
776 2551 884 2612 Graeci
908 2543 1070 2625 Ἡγοόμενον
1091 2563 1264 2626 vocarunt,
1300 2549 1331 2607 in
1351 2548 1407 2606 hoc
1428 2549 1633 2609 instrumento
1654 2546 1768 2608 dicatur
1788 2567 1909 2628 quoque
1926 2549 2094 2628 presbyter.

659 2665 739 2725 Nam
764 2665 788 2725 si
820 2665 1017 2725 monasticam
1037 2665 1312 2726 vetustissimorum
1331 2676 1501 2746 temporum
1522 2661 1717 2745 disciplinam
1738 2663 1883 2722 memoria
1903 2677 2089 2745 repetamus,

658 2778 821 2837 monachos
842 2795 914 2838 tunc
934 2777 1018 2838 haud
1041 2777 1131 2838 fuisse
1153 2777 1245 2838 sacris
1275 2774 1436 2837 ordinibus
1467 2777 1600 2836 initiatos
1632 2775 1858 2854 comperiemus.
1885 2774 1923 2834 ld
1943 2775 2028 2834 nobis
2048 2789 2094 2836 te-

659 2902 755 2947 statur
783 2907 856 2970 prae
879 2885 1008 2968 reliquis
1029 2887 1059 2946 S.
1075 2889 1278 2970 Hieronymus
1300 2888 1312 2969 (
1325 2889 1430 2966 Epist.
1447 2890 1475 2947 Ι.
1488 2885 1534 2946 ad
1544 2885 1756 2946 Heliodorum
1772 2885 1968 2945 monachum
1979 2883 1993 2964 )
2006 2929 2016 2961 ‚
2038 2887 2093 2945 ubi

660 2997 722 3056 ait:
747 2995 812 3058 sert
829 2997 913 3076 alia,
936 3008 973 3054 ut
991 3007 1086 3057 antea
1101 2998 1298 3079 perstrinxi,
1326 2993 1558 3053 monachorum
1584 3005 1630 3052 est
1652 3015 1777 3063 carrea,
1799 2994 1864 3053 alia
1889 2995 2091 3080 clem'corum.

665 3107 780 3168 Clerici
799 3117 941 3188 pascunt
959 3126 1028 3167 oves
1035 3129 1048 3176 ;
1061 3126 1116 3184 ego
1123 3126 1247 3183 pascor
1257 3115 1317 3166 etc.
1330 3105 1420 3166 nttlu
1432 3114 1506 3164 ante
1516 3102 1732 3182 presbyterum
1745 3105 1847 3164 sedere
1860 3124 1920 3164 non
1939 3090 2015 3166 licet
2026 3119 2090 3168 ete.

659 3222 743 3281 Hine
763 3221 855 3282 fiebat
873 3233 909 3278 ut
928 3222 982 3298 qui
1003 3221 1127 3278 caeteris
1147 3217 1319 3277 huiusmodi
1338 3219 1494 3278 monachis
1512 3218 1769 3299 praeponebatur,
1787 3219 1893 3301 etipse
1908 3219 2029 3287 minime
2044 3241 2096 3280 sa-

662 3330 769 3393 cerdos
792 3343 920 3390 extaret.
941 3326 1059 3407 Regula
1079 3326 1201 3407 quidem
1221 3326 1253 3388 S.
1266 3327 1422 3388 Benedicti
1442 3325 1513 3386 lieet
1533 3325 1641 3388 diserte
1664 3325 1827 3410 flagitaret,
1848 3343 1883 3388 ut
1903 3302 1956 3410 qui
1970 3328 2095 3389 hhbatis

660 3462 786 3502 munere
807 3439 884 3499 foret
903 3438 1104 3516 decorandus,
1127 3436 1262 3500 divinam
1284 3436 1410 3498 calleret
1428 3438 1547 3517 legem,
1562 3438 1699 3518 Regulae
1714 3442 1776 3521 ipse
1799 3453 1917 3500 extaret
1931 3441 2092 3501 observan-

660 3553 807 3630 tissimus,
829 3568 864 3614 ut
885 3564 1001 3613 suomet
1017 3551 1159 3632 exemplo
1180 3563 1309 3610 caeteros
1325 3550 1363 3610 ad
1380 3571 1447 3612 eam
1468 3551 1691 3631 exsequendam
1712 3551 1928 3634 compelleret,
1952 3573 1987 3612 nc
2004 3551 2093 3612 deni-

660 3685 720 3746 que
740 3663 903 3724 christianis
924 3661 1086 3724 virtutibus
1107 3658 1305 3721 antecelleret
1325 3662 1497 3734 universis,
1519 3661 1657 3722 eumdem
1681 3675 1780 3721 tamen
1802 3662 2011 3743 presbyterum
2032 3684 2091 3725 esse

659 3775 780 3834 minime
803 3772 936 3832 iubebat.
958 3771 1078 3832 Verum
1098 3781 1129 3831 et
1147 3775 1412 3831 monasteriorum
1433 3771 1600 3829 necessitas
1624 3781 1654 3830 et
1673 3773 1823 3830 ecclesiae
1844 3771 1986 3832 claritas
2014 3793 2091 3832 san-

659 3890 814 3949 ctissimos
834 3885 963 3946 tandem
985 3887 1162 3964 Episcopus
1178 3883 1412 3965 Pontificesque
1432 3883 1610 3962 compulit,
1630 3893 1667 3940 ut
1684 3899 1802 3942 novum
1824 3881 1910 3942 burte
1931 3903 2025 3944 usum
2041 3889 2092 3944 in-

659 4000 826 4076 ducerent,
850 4011 886 4060 ut
906 4000 1098 4080 apostolicas
1118 4011 1295 4060 exercerent
1304 3995 1494 4071 functiones
1514 3997 1573 4077 qui
1594 3996 1728 4080 (nempe
1744 3997 1875 4058 Abbates
1888 3997 1900 4076 )
1912 4009 1945 4056 et
1964 4000 2092 4060 atirtutes

659 4113 823 4174 ardentius
842 4110 1102 4180 aemulabantur,
1122 4109 1381 4190 quemadmodum
1403 4109 1504 4191 inquit
1524 4109 1723 4172 Thomasinus
1745 4111 1843 4191 (Vel.
1858 4121 1970 4170 etnov.
1984 4114 2092 4171 eccles.

660 4227 773 4305 discip.
793 4235 813 4283 t.
835 4229 865 4285 1.
881 4245 918 4302 p.
941 4229 970 4283 I.
990 4223 1044 4283 lib.
1070 4224 1094 4282 3
1122 4245 1192 4302 cop.
1208 4228 1332 4297 ΧΗ.
1352 4227 1410 4306 8).
1424 4225 1628 4302 Quamobrem
1650 4224 1788 4307 plerique
1813 4224 1939 4284 Abbatcs
1960 4225 2092 4285 orienta-

659 4337 736 4395 lium
755 4334 881 4417 quidem
902 4335 1113 4396 coenobiorum
1134 4356 1150 4394 a
1172 4334 1211 4394 V.
1232 4355 1327 4416 usque
1348 4335 1485 4409 saeculo,
1508 4334 1744 4396 occidentalium
1772 4355 1845 4396 vero
1871 4335 2000 4396 abeunte
2026 4359 2091 4397 sae-

659 4446 728 4506 culo
748 4447 817 4507 Vll.
837 4444 1004 4526 presbyteri
1024 4441 1154 4504 suerunt.
1170 4443 1247 4504 Cum
1268 4464 1339 4502 vero
1359 4442 1430 4501 lriuc
1449 4441 1617 4524 plurimum
1639 4441 1839 4503 emolumenti
1852 4442 1883 4500 in
1897 4442 2090 4504 christianam

657 4553 879 4636 rempublicam
909 4569 1067 4632 manaret,
1101 4551 1219 4614 sactum
1249 4565 1293 4612 est
1319 4566 1354 4612 ut
1374 4551 1543 4613 Concilium
1564 4573 1724 4613 romanum
1757 4573 1837 4614 anno
1865 4555 1923 4632 827
1954 4555 2091 4614 statuerit

658 4684 812 4751 oportere,
834 4682 870 4726 ut
891 4667 1021 4730 hbbates
1042 4688 1146 4728 omnes
1168 4665 1423 4746 inaugurarentur
1444 4666 1625 4727 sacerdotes.
1653 4665 1838 4727 Huiusmodi
1860 4680 1960 4727 tamen
1983 4665 2089 4725 canoni

657 4779 895 4857 obtemperatum
916 4776 1042 4837 minime
1065 4776 1144 4850 fuit,
1175 4778 1221 4835 uti
1243 4774 1331 4834 docet
1353 4773 1432 4834 idem
1453 4774 1653 4835 Thomasinus
1678 4775 1768 4856 (Op.
1794 4777 1849 4834 cit.
1872 4795 1942 4854 cap.
1970 4776 2089 4834 XVJt

658 4907 690 4946 rr.
710 4889 733 4945 3
752 4885 774 4966 ).
795 4887 873 4948 Cum
894 4887 985 4967 igitur
1007 4907 1067 4945 non
1088 4883 1180 4945 modo
1201 4899 1294 4956 ante,
1319 4883 1370 4945 sed
1398 4883 1489 4943 etiam
1511 4897 1578 4964 post
1604 4899 1806 4944 memoratum
1828 4904 1987 4943 romanum
2009 4885 2090 4944 Con-

656 4997 767 5058 cilium
789 4997 888 5057 adhuc
908 4997 1031 5078 quidam
1057 4997 1187 5058 Abbates
1209 4997 1305 5058 cultui
1327 4996 1434 5056 divino
1457 5016 1511 5076 per
1533 5016 1628 5056 sacros
1650 4995 1766 5056 ordines
1794 4995 1887 5057 adseri
1919 5015 1978 5055 non
1999 5015 2090 5054 cura-
