4616 6532
897 599 1019 698 (¹1)

246 759 331 830 filios
354 777 444 830 meos
468 763 594 827 constat
615 777 676 827 nos
684 804 1101 828 ..................
1108 757 1360 840 vendidissemus
1391 765 1425 830 et
1447 757 1595 829 vedimus
1619 755 1681 826 tibi

247 908 381 980 quoque
403 885 491 957 leoni
522 883 608 956 filius
641 883 777 978 quidem
785 932 1250 956 ....................
1257 885 1380 958 domini
1403 883 1487 978 petri
1510 885 1682 958 delituere

222 1012 342 1099 ¹istius
365 1011 506 1082 civitatis
528 1008 675 1104 gaietano
709 1008 792 1083 idest
824 1018 908 1082 totas
939 1017 972 1084 et
1007 1008 1125 1082 interes
1160 1008 1231 1102 ipsa
1265 1007 1443 1102 portionem
1476 1023 1616 1080 nostrum
1644 1009 1681 1078 de

251 1155 337 1210 terro
360 1161 419 1231 que
442 1136 561 1210 dicitur
584 1137 774 1208 hitelianum
797 1140 1013 1233 suprascripta
1037 1161 1117 1211 vero
1146 1147 1256 1210 nostre
1279 1137 1389 1231 portio
1424 1137 1483 1230 qui
1506 1157 1681 1228 nuncupa-

250 1274 306 1336 tur
342 1263 531 1334 vitaliacum
563 1263 649 1334 cobis
683 1263 742 1333 illo
777 1264 1035 1336 venundedhnus
1071 1265 1157 1336 unde
1188 1263 1283 1334 nohis
1313 1259 1414 1333 nichil
1446 1259 1683 1333 reservabimus

251 1397 300 1462 set
323 1389 408 1459 sicut
430 1386 578 1482 superius
600 1384 720 1480 legitur
743 1386 855 1457 omnia
887 1389 943 1460 illa
966 1388 1061 1460 vobis
1092 1389 1349 1462 venundedimus
1379 1411 1455 1458 cunr
1488 1387 1599 1457 omnia
1621 1385 1683 1456 sibi

251 1515 486 1611 pertinentibus
508 1513 614 1608 campi
637 1513 725 1585 silbis
748 1514 829 1586 rihis
851 1516 1017 1611 parietinis
1040 1517 1130 1610 putei
1154 1517 1282 1589 saltibeo
1304 1515 1457 1586 montibus
1479 1513 1617 1584 uallibus
1652 1521 1685 1581 at

251 1642 467 1738 suprascripta
490 1653 600 1714 nostra
624 1642 790 1736 potionem
813 1644 1047 1738 pertinentibus
1071 1647 1111 1718 de
1141 1645 1358 1740 suprascripto
1381 1642 1448 1714 iam
1471 1640 1559 1713 dicto
1582 1638 1685 1710 casale

252 1770 444 1842 hitalianum
470 1769 535 1841 sint
559 1772 595 1839 in
621 1782 721 1842 usuro
748 1777 922 1862 potestates
945 1771 1040 1842 Unde
1068 1769 1243 1840 tribuimus
1266 1769 1359 1840 vobis
1381 1767 1545 1838 licentiam
1569 1765 1686 1836 avendi

254 1897 384 1970 fruendi
408 1895 591 1990 possidendi
615 1893 990 1966 omnitenentem
1015 1893 1173 1964 alienandi
1200 1891 1380 1986 vestrisque
1395 1890 1568 1962 heredibus
1593 1888 1689 1961 relin-

255 2021 378 2118 quendi
396 2023 496 2094 etiam
511 2021 673 2095 uendendi
696 2023 750 2094 vel
773 2025 990 2116 quodnamque
1011 2023 1123 2092 exinde
1145 2023 1247 2112 soene
1262 2017 1423 2092 colueritis
1438 2020 1521 2090 sicut
1542 2017 1689 2112 superius

256 2148 377 2241 legitor
399 2148 435 2217 in
459 2156 565 2218 vesun
589 2155 622 2216 et
644 2145 817 2218 heredibus
840 2143 956 2220 vestris
985 2145 1028 2216 sit
1055 2155 1228 2240 potestates
1262 2167 1323 2240 pro
1346 2169 1387 2217 eo
1415 2147 1497 2240 quod
1533 2147 1632 2237 recepi
1666 2167 1686 2212 o

254 2276 339 2343 vohis
360 2272 572 2367 munninio
587 2269 681 2342 leone
703 2270 740 2342 in
762 2293 895 2343 omnem
911 2272 1109 2344 decisionem
1132 2281 1165 2344 et
1188 2271 1321 2345 definito
1344 2273 1450 2367 pretio
1473 2273 1545 2343 auri
1568 2273 1687 2344 solidos

257 2397 374 2490 biginti
383 2445 655 2468 ............
665 2399 702 2467 in
716 2421 751 2468 eo
765 2407 912 2470 tenorem
935 2405 973 2467 ut
996 2397 1149 2468 ammodo
1172 2407 1205 2470 et
1230 2399 1383 2492 usquein
1399 2397 1632 2491 sempiternum
1656 2398 1691 2466 in

258 2533 364 2595 vestra
377 2533 410 2596 et
426 2521 599 2595 heredibus
618 2521 732 2595 vestris
747 2525 790 2595 sit
810 2531 1001 2616 potestatem
1010 2569 1308 2598 .............
1316 2537 1383 2594 tam
1407 2546 1460 2594 me
1476 2521 1693 2616 suprascripto

257 2650 427 2723 venedicto
451 2672 508 2724 sen
531 2671 595 2722 ons
611 2650 773 2746 iugalibus
796 2676 902 2750 neque
926 2677 967 2726 av
990 2654 1139 2726 eredibus
1150 2653 1269 2724 nostris
1279 2674 1460 2747 numquam
1474 2651 1600 2722 enbitis
1612 2674 1693 2743 qae-

258 2779 369 2848 rellan
384 2793 440 2850 out
457 2775 618 2850 calumnia
641 2799 701 2850 vos
724 2779 784 2872 qui
807 2803 903 2874 supra
927 2791 984 2852 aut
1005 2781 1120 2853 vntris
1142 2779 1278 2852 heredes
1293 2801 1397 2874 usque
1413 2778 1447 2847 in
1462 2777 1694 2871 sempiternum

261 2902 485 2974 verumetiam
497 2904 703 2996 pentapetes
718 2905 830 2977 dibino
842 2917 962 2978 avent
977 2906 1120 3002 potentia
1133 2915 1171 2977 ut
1188 2906 1256 2978 sive
1272 2929 1332 2978 nos
1346 2906 1416 2977 siue
1430 2903 1548 2976 nostris
1559 2903 1694 2982 heredes

261 3039 373 3097 contra
388 3051 449 3100 anc
466 3041 612 3102 nostram
627 3031 834 3103 conditioncn
849 3033 1006 3104 contrarie
1020 3033 1103 3104 aiere
1118 3031 1318 3104 voluerimus
1333 3053 1529 3125 componere
1544 3051 1604 3100 nos
1620 3050 1696 3122 pro-

263 3155 424 3225 mittimus
447 3155 520 3226 auri
536 3157 598 3224 tari
616 3153 664 3249 (3)
682 3167 714 3227 et
731 3155 814 3226 livra
829 3179 894 3228 una
909 3165 942 3228 et
954 3156 1098 3247 opscloto
1113 3179 1196 3248 pereo
1211 3167 1243 3229 et
1260 3180 1297 3228 ec
1316 3171 1426 3228 nostra
1445 3155 1589 3228 venditio
1604 3155 1697 3224 firma

346 3517 377 3578 Si
399 3537 473 3579 vero
495 3532 612 3580 nostras
632 3519 721 3579 hasce
737 3517 1015 3581 animadversiones
1029 3519 1193 3600 quisquam
1208 3505 1416 3600 explodendas
1429 3515 1545 3590 ducat,
1568 3527 1598 3576 et
1611 3515 1700 3574 Caie-

265 3642 330 3687 tam
355 3645 551 3708 graecorum,
571 3626 742 3690 aliorumve
762 3628 941 3709 Principum
962 3642 1129 3689 exterorum
1152 3628 1279 3710 imperio
1302 3625 1465 3686 contendat
1478 3626 1519 3684 ita
1540 3626 1696 3706 paruisse,

266 3754 428 3800 uteorum
447 3740 552 3802 vicarii
572 3753 689 3802 tanturm
710 3739 896 3801 haberentur
917 3737 1082 3816 Consules,
1104 3739 1214 3819 quibus
1234 3738 1308 3798 urbs
1327 3737 1432 3796 eadem
1452 3733 1696 3814 obtemperavit,

269 3863 344 3909 tunc
363 3847 529 3909 nobishoc
550 3849 610 3932 ipse
631 3847 826 3931 persuadebit
852 3869 923 3910 cum
944 3849 1098 3929 Principes
1119 3846 1190 3908 illos
1210 3866 1297 3908 suam
1322 3844 1366 3904 ibi
1395 3856 1570 3924 potestatem
1594 3861 1699 3903 revera

269 3960 434 4021 exercuisse
454 3959 557 4040 palens
578 3958 668 4020 saciat
690 3957 826 4019 indubiis
846 3957 900 4022 uel
921 3956 1137 4030 documentis,
1157 3955 1212 4018 vel
1232 3953 1543 4037 chronographorum
1568 3953 1704 4015 testimo-

269 4071 354 4147 niis,
376 4090 458 4154 quse
478 4072 633 4134 neminem
653 4071 802 4134 hactenus
822 4069 962 4133 attulisse
980 4091 1038 4154 pro
1057 4081 1208 4152 comperto
1227 4069 1370 4130 hebetur.

350 4181 398 4262 (ὅ)
422 4184 567 4242 Tannus
585 4183 616 4242 in
636 4181 765 4244 vetustis
785 4183 989 4243 monumentis
1010 4181 1109 4240 dictus
1128 4197 1253 4262 quoque
1272 4178 1406 4241 occurrit
1432 4179 1550 4238 Tarius
1580 4189 1610 4237 et
1638 4179 1706 4236 To-

272 4311 346 4362 rus,
368 4307 403 4355 ut
422 4289 639 4354 animadvertit
658 4291 800 4354 Claritins
820 4291 920 4375 (pag.
937 4309 999 4370 m,
1014 4292 1052 4351 in
1071 4291 1273 4354 adnotatione
1292 4288 1337 4372 (ι)
1350 4288 1384 4371 ),
1417 4289 1472 4371 qui
1494 4303 1648 4372 praeterea
1671 4287 1706 4347 in

272 4405 411 4489 quodam
430 4407 637 4469 instrumento
659 4405 717 4468 sub
737 4407 852 4468 Ioanne
873 4406 1142 4491 Porphyrngenito
1166 4403 1313 4483 condito,
1335 4403 1482 4486 scriptum
1503 4399 1707 4484 deprehendit

274 4519 359 4596 east,
392 4538 473 4600 quae
504 4538 569 4579 uox
590 4515 674 4602 apud
695 4537 751 4582 nos
770 4517 867 4601 vulgo
887 4539 971 4580 nuno
991 4531 1167 4600 usurpatur.
1192 4519 1276 4579 Hinc
1306 4515 1418 4598 procul
1448 4514 1544 4576 dnbio
1572 4527 1712 4574 statuen-

276 4631 352 4694 dum
383 4647 428 4695 est
456 4643 640 4694 [annorum
661 4631 848 4692 mentionem
876 4631 1085 4715 antiquiorem
1107 4651 1169 4694 esse
1199 4651 1281 4692 anno
1308 4629 1393 4710 937,
1424 4628 1457 4687 in
1489 4647 1553 4708 qun
1574 4626 1711 4707 primum

276 4744 335 4806 sibi
355 4743 497 4807 eamdem
522 4745 687 4807 occurrisse
707 4745 750 4806 ait
777 4743 875 4804 hbbss
895 4741 933 4806 de
953 4747 1039 4807 Nuce
1059 4746 1091 4805 in
1114 4741 1357 4806 adnotationibus
1377 4738 1417 4800 ad
1440 4738 1615 4800 Chronicon
1636 4736 1714 4795 casi-

278 4873 369 4916 nense
389 4854 403 4937 i
422 4853 473 4916 lib.
492 4857 564 4918 III.
582 4875 610 4915 c.
630 4854 675 4916 58
695 4855 718 4938 ).
747 4855 883 4932 Quinam
910 4873 1003 4938 porro
1025 4867 1090 4916 tum
1112 4854 1216 4922 aurei,
1246 4867 1315 4914 tum
1336 4852 1470 4936 argentei
1497 4847 1600 4911 tareni
1624 4846 1714 4911 valor

280 4967 435 5043 extiterit,
455 4967 599 5050 perdocte
621 4967 829 5050 explanarunt
848 4966 991 5052 plerique
1011 4965 1239 5043 numismatici,
1259 4967 1340 5028 inter
1359 4983 1439 5047 quoe
1457 4965 1617 5045 praecipue
1637 4976 1714 5022 con-

1307 5073 1329 5118 e
