4616 6532
1497 703 1639 762 XXXIII

207 876 359 961 porum
388 849 524 957 ordo,
556 881 684 967 quem
711 853 829 940 nobis
856 851 1044 969 quadam
1081 855 1212 940 veluti
1246 855 1473 968 religione,
1510 875 1636 968 prout

205 1019 394 1106 aequum
422 1013 541 1100 erat,
570 995 826 1080 servandum
852 997 1172 1110 proposuimus,
1203 1029 1257 1085 ex
1274 999 1470 1082 omnibus
1488 997 1635 1082 nostris

208 1132 446 1248 diplomatis
486 1167 622 1222 unum
661 1138 789 1224 modo
823 1167 848 1224 a
877 1138 1034 1224 Gisolfo
1062 1141 1097 1228 Ι,
1144 1140 1336 1253 Principe
1376 1139 1634 1225 Salernitana

207 1273 383 1382 editum,
412 1276 658 1392 nullamque
685 1281 969 1390 graecanicam
996 1301 1070 1365 aut
1096 1279 1323 1392 bilinguem
1341 1281 1634 1368 membranam

208 1419 251 1502 in
279 1421 418 1530 prima
445 1419 621 1506 huiusce
649 1420 875 1508 voluminis
901 1441 1019 1536 parte
1047 1421 1187 1508 afferri
1214 1451 1357 1536 passus
1384 1425 1464 1532 sit3
1495 1453 1544 1508 ao
1573 1423 1635 1508 id-

207 1562 314 1644 circo
357 1558 640 1668 documenta,
676 1587 786 1676 quae
828 1563 997 1648 maioris
1023 1565 1226 1649 momenti
1264 1563 1540 1649 existimanda
1568 1565 1635 1646 vi·

205 1703 372 1813 dentur,
404 1705 459 1790 ad
472 1707 730 1822 insequentia
747 1706 965 1792 volumina
992 1706 1146 1794 fuerint
1173 1705 1454 1793 amandanda.
1473 1710 1638 1795 Verum

206 1852 282 1936 etsi
309 1851 527 1965 complura
555 1869 695 1938 nostra
722 1871 997 1938 monumenta
1025 1850 1080 1936 ad
1107 1851 1357 1938 monasteria
1385 1870 1426 1935 ct
1448 1853 1635 1964 privatos

205 1999 474 2109 spectantia,
517 1994 728 2082 recondita
770 2015 810 2082 et
851 1999 1076 2111 praestanti
1122 1995 1353 2084 admodum
1401 1996 1633 2082 eruditione

206 2155 362 2221 scatere
408 2139 549 2224 minus
591 2136 849 2248 videantur3
877 2158 1019 2226 tamen
1057 2160 1099 2227 et
1138 2139 1384 2226 eorumdem
1412 2141 1456 2226 in
1493 2139 1632 2226 lucem

203 2276 515 2366 educandorum
542 2279 760 2368 eonsilium
788 2281 1020 2389 inivimus,
1048 2280 1244 2396 nequod
1286 2300 1476 2367 nostrum
1518 2280 1629 2376 anti-

202 2422 372 2535 quitatis
398 2421 700 2508 documentum
727 2426 772 2510 in
799 2423 977 2510 tenebris
1005 2421 1144 2508 adhuc
1170 2423 1305 2509 iacere
1347 2441 1624 2536 pateremur,

202 2586 243 2651 et
270 2595 434 2654 morem
459 2595 694 2679 gereremus
721 2570 796 2676 iis,
826 2571 901 2685 qui
928 2568 1269 2684 despicatissimae
1295 2590 1485 2684 quasque
1512 2587 1626 2652 vete·

205 2739 303 2798 rum
332 2727 573 2824 temporum
600 2712 849 2826 quisquilias
877 2728 1157 2825 aucupantur,
1186 2709 1300 2796 unde
1325 2737 1514 2820 gemmas
1532 2709 1625 2794 aliis

201 2854 426 2967 incognitas
453 2883 751 2968 saepenumero
787 2857 879 2944 erui
908 2885 1024 2970 posse
1072 2885 1161 2944 non
1196 2857 1411 2942 immerito
1448 2871 1622 2940 conten-

203 2995 311 3084 dunt
331 3062 344 3104 ,
375 3027 459 3086 non
487 3027 604 3084 secus
633 3029 681 3084 ac
705 2999 807 3085 olim
825 3031 878 3086 ex
895 2999 1021 3085 Ermii
1040 2998 1300 3113 sterquilinio
1319 2995 1628 3111 pretiosissimas

202 3141 475 3251 margaritas,
505 3167 615 3254 quae
643 3159 821 3228 caeteros
849 3141 1091 3252 fugiebant,
1134 3141 1364 3230 latinorum
1406 3155 1627 3253 poetarum

201 3282 393 3394 princeps
412 3279 595 3404 hausisse
613 3301 819 3368 narratur.
840 3283 930 3370 Nec
945 3314 1071 3399 porro
1085 3285 1140 3371 ab
1155 3313 1203 3370 eo
1217 3281 1388 3368 consilio
1401 3309 1476 3368 nos
1490 3281 1627 3366 deter-

199 3425 286 3508 ruit
299 3423 517 3510 barbarica
531 3425 603 3511 illa
618 3426 822 3512 sermonis
836 3427 1073 3532 rusticitas,
1105 3427 1275 3540 quaein
1289 3424 1486 3514 omnibus
1514 3422 1626 3509 hisce

201 3563 462 3652 documentis
482 3568 678 3672 occurrit,
696 3587 738 3653 et
753 3565 984 3654 delicatulis
1002 3567 1094 3654 aevi
1109 3569 1238 3654 nostri
1256 3565 1394 3652 sciolis
1408 3565 1626 3651 fastidium

200 3732 348 3816 parere
373 3710 606 3792 consuevit.
630 3705 810 3792 Nullum
831 3707 944 3792 enim
959 3706 1192 3792 vetustioris
1210 3705 1358 3789 aetatis
1377 3733 1625 3790 monumen-

202 3867 299 3933 tum
313 3849 456 3936 afferri
470 3849 747 3964 potest,quod
761 3847 894 3934 foedis
908 3851 1129 3952 erroribus,
1156 3879 1205 3934 ac
1224 3843 1400 3960 hispidis
1427 3847 1626 3934 rudibus·

200 4021 286 4105 que
304 3992 584 4080 locutionibus
597 3992 883 4109 undequaque
896 4022 981 4078 non
994 3991 1157 4079 diffluat
1175 4021 1224 4078 ac
1242 3991 1471 4102 redundet3
1489 3992 1624 4076 immo

198 4162 301 4220 vero
329 4134 547 4220 latinitatis
575 4137 754 4222 erimina
774 4163 823 4220 ae
840 4135 1050 4222 barbaries
1068 4133 1350 4224 vindicandae
1372 4133 1620 4220 eorumdem

198 4295 579 4363 monumentorum
607 4275 855 4388 ingenuitati
883 4279 1045 4362 mirum
1072 4293 1285 4391 quantum
1328 4269 1621 4386 suffragantur.

199 4417 314 4507 Nam
343 4447 421 4533 per
447 4449 495 4506 ea
525 4439 714 4534 tempora
742 4448 840 4509 cum
869 4421 1025 4507 latinus
1062 4449 1199 4506 sermo
1228 4449 1252 4503 e
1280 4417 1502 4504 celsissimo
1541 4418 1622 4502 ele·

199 4565 364 4674 gantiae
393 4563 613 4672 culmine,
647 4561 763 4679 quod
791 4565 871 4649 sub
899 4565 1075 4675 Augusti
1108 4563 1351 4680 principatu
1392 4565 1621 4672 attigerat,

199 4709 242 4790 in
262 4711 398 4796 imam
417 4685 550 4795 veluti
582 4709 786 4823 squaloris
820 4707 989 4794 foveam
1021 4707 1174 4794 sensim
1207 4705 1463 4809 decidisset,
1500 4735 1620 4820 prae-

197 4851 342 4938 sertim
375 4852 430 4938 ob
457 4853 848 4968 septentrionalium
867 4852 1109 4962 linguarum
1128 4853 1421 4958 accessionem,
1452 4881 1504 4937 ex
1532 4851 1617 4963 lege

130 5045 133 5056 2
197 4991 268 5082 illa
282 5057 295 5102 ,
325 5021 458 5109 quam
487 4996 695 5082 universis
730 4995 854 5079 rebus
887 4991 1086 5082 humanis
1126 4995 1415 5106 praestitutam
1457 4996 1623 5109 saepius

1372 5141 1394 5220 5
