4658 6508
1347 635 1486 730 (aa).

694 788 787 863 nobis
802 792 945 863 tulerunt
961 795 1108 883 parentes
1124 788 1261 859 vestris:
1288 810 1361 880 pars
1383 797 1491 859 autem
1511 795 1618 858 restra
1636 787 1823 858 memoratis
1848 807 1960 856 omnes
1983 783 2119 857 heredes

695 931 874 993 memorato
902 919 1035 989 domino
1063 919 1207 1011 aligerno
1231 919 1364 1012 quidam
1386 917 1543 987 stroniulo
1568 927 1600 985 et
1623 915 1757 987 heredes
1788 913 1911 986 domini
1935 913 2057 1004 sergii:
2085 925 2118 982 et

695 1049 827 1118 domiuo
852 1044 993 1115 Iohanne
1010 1045 1122 1114 abbate
1139 1067 1198 1136 pro
1214 1043 1286 1114 vice
1303 1042 1434 1136 quidam
1459 1041 1630 1112 memorati
1659 1041 1782 1112 domini
1809 1039 1919 1110 basili:
1947 1039 2119 1131 respondet

694 1174 847 1242 adversus
863 1193 922 1239 nos
939 1171 1074 1241 dicendo
1091 1168 1172 1237 absit
1188 1179 1224 1237 ut
1239 1167 1280 1238 sit
1296 1169 1414 1238 ueritas
1434 1169 1523 1262 quod
1541 1175 1688 1259 parentes
1709 1164 1827 1234 nostris
1841 1163 1935 1233 vobis
1950 1186 2008 1256 per
2024 1165 2118 1234 fortia

691 1296 824 1365 tulirent
839 1303 1016 1364 memorata
1032 1294 1169 1365 fundora
1185 1303 1217 1362 et
1233 1292 1347 1362 terris:
1377 1303 1409 1361 et
1425 1293 1503 1360 dum
1520 1291 1660 1359 multum
1676 1289 1760 1359 inter
1776 1288 1869 1357 nobis
1884 1287 2021 1360 intentio
2037 1311 2118 1357 ver-

689 1427 811 1489 teretur
827 1419 1005 1490 iudieatum
1021 1427 1069 1490 est
1085 1418 1168 1488 inter
1183 1416 1277 1487 nobis
1294 1441 1311 1486 a
1328 1416 1462 1487 domino
1475 1413 1617 1484 Iohanne
1631 1413 1774 1506 glorioso
1790 1414 1872 1482 duce
1891 1411 1939 1506 (3)
1956 1424 1993 1482 ut
2008 1413 2116 1482 iurare

768 1814 813 1894 (5)
836 1817 912 1877 Cum
934 1818 1071 1898 quaestio
1102 1815 1141 1876 de
1176 1838 1237 1898 qua
1266 1819 1472 1899 inpraesenti
1493 1819 1671 1881 membrana
1696 1817 1793 1878 verba
1819 1818 1917 1893 siunt,
1948 1815 2115 1877 diiudicata

687 1928 780 1990 suerit
800 1951 898 1991 coram
913 1933 1104 2014 neapolitano
1118 1934 1229 2010 Duce,
1252 1933 1392 2015 proderit
1411 1934 1480 1994 heic
1499 1935 1643 1994 lectorem
1662 1931 1941 2009 commonefacere,
1964 1951 2036 2006 eos,
2061 1933 2115 2012 qui

690 2041 822 2125 Neapoli
842 2045 916 2106 olim
939 2046 1085 2108 Consules
1106 2059 1137 2106 et
1151 2047 1250 2108 Duces
1271 2048 1556 2120 renunciabantur,
1578 2047 1693 2108 Iudicis
1713 2042 1899 2124 quaudoque
1920 2044 2025 2104 obiisse
2046 2063 2115 2103 mu·

687 2162 741 2220 nia
752 2206 761 2238 ,
784 2173 874 2240 atque
889 2163 918 2220 in
933 2159 1157 2241 cognoscendas
1178 2163 1368 2244 privatorum
1388 2163 1611 2224 controversias
1630 2161 1810 2222 incubuisse.
1835 2159 1958 2222 Etenim
1973 2159 2114 2218 inferiore

689 2275 719 2331 in
739 2291 815 2334 aevo
830 2275 952 2351 Duces,
978 2272 1163 2335 blacchiones
1189 2287 1220 2333 et
1241 2275 1373 2338 Comites
1394 2273 1464 2334 lites
1485 2274 1669 2348 hominum,
1701 2270 1755 2352 qui
1783 2292 1888 2334 eorum
1908 2269 2113 2332 iurisdictioui

688 2399 774 2446 eraut
793 2386 942 2462 obnoxii,
966 2386 1137 2464 iudicasse,
1157 2388 1252 2447 immo
1273 2401 1303 2446 et
1318 2387 1413 2466 Reges
1434 2390 1515 2469 ipsos
1534 2389 1595 2447 hoc
1615 2405 1741 2446 munere
1762 2383 1936 2466 perfunctos
1956 2383 2047 2443 luisse
2067 2399 2113 2444 te-

686 2509 801 2556 stantur
822 2509 885 2555 tum
901 2497 1033 2578 Cangins
1048 2500 1078 2557 in
1094 2498 1222 2558 vocibus
1238 2498 1359 2560 Mallus
1377 2515 1408 2560 et
1421 2498 1604 2573 Placitum,
1622 2511 1686 2556 tum
1707 2495 1756 2554 lex
1773 2492 1872 2556 Caroli
1890 2495 1931 2552 Μ.
1945 2491 2025 2576 apud
2042 2492 2112 2551 Mu-

689 2609 830 2666 ratoriurn
853 2609 959 2690 (Rer.
975 2611 1050 2669 Ital.
1066 2611 1183 2689 Script.
1205 2621 1227 2671 t.
1251 2617 1280 2674 I.
1296 2622 1382 2690 port.
1402 2629 1421 2670 a
1438 2631 1514 2690 pag.
1525 2631 1573 2691 99
1589 2632 1619 2668 n.
1636 2611 1776 2670 XLIII.
1789 2605 1812 2688 ).
1834 2607 1866 2668 Si
1885 2605 2041 2686 primaeva
2056 2625 2112 2666 ve-

687 2721 848 2780 tustiorum
863 2720 1017 2800 gentium,
1035 2742 1069 2781 ac
1084 2723 1260 2803 praesertim
1272 2723 1499 2800 Hebraeorum,
1517 2723 1786 2800 Romanorumque
1801 2733 1939 2800 tempora
1953 2719 1986 2776 iu
1998 2738 2113 2779 mema-

687 2827 766 2887 riam
782 2847 958 2889 revocemus
973 2872 981 2902 ,
1004 2843 1079 2890 tunc
1095 2850 1217 2910 quoque
1232 2833 1303 2912 ipsis
1317 2853 1334 2891 a
1351 2834 1487 2912 Regibus
1503 2834 1641 2913 privatas
1662 2829 1732 2890 lites
1752 2828 1899 2892 iudicatas
1920 2827 2012 2890 fuisse
2027 2827 2114 2888 nobis

688 2943 865 3002 innotescet.
881 2942 965 3002 Adeo
980 2942 1123 3024 pleraque
1139 2945 1273 3006 instituta
1290 2961 1319 3005 et
1336 2966 1444 3024 mores,
1460 2966 1539 3026 quae
1554 2949 1587 3005 in
1599 2965 1676 3005 aevo
1691 2944 1792 3004 medio
1803 2943 2012 3019 obtinuerunt,
2028 2939 2113 3000 mini-

687 3071 735 3108 me
751 3054 788 3110 ab
801 3052 834 3112 iis
848 3050 1060 3133 discreparunt,
1077 3073 1155 3134 quae
1169 3055 1201 3114 in
1217 3055 1427 3134 antiquiorum
1440 3054 1627 3136 populorum
1641 3053 1814 3137 primordiis
1831 3053 2114 3136 deprehenduntur.

767 3164 831 3220 lam
852 3181 924 3224 vero
945 3184 1015 3222 cum
1035 3162 1230 3245 neapolitani
1256 3163 1330 3222 olim
1353 3164 1452 3223 Duces
1483 3162 1684 3226 decernendis
1714 3162 1865 3223 interdum
1888 3162 1994 3224 litibus
2020 3183 2113 3222 vaca-

686 3270 770 3344 rint,
793 3269 870 3330 hinc
886 3289 1012 3350 pronum
1031 3283 1076 3329 est
1095 3272 1195 3332 cuiuis
1210 3271 1407 3354 intelligere,
1430 3293 1485 3332 cur
1506 3274 1576 3353 ipsis
1591 3271 1763 3352 aliquando
1779 3273 1905 3334 Iudicis
1920 3291 2033 3332 nomen
2056 3270 2112 3330 ad-

685 3383 795 3442 scitum
817 3381 916 3442 suerit.
937 3382 977 3441 Et
996 3403 1068 3442 saue
1088 3382 1257 3467 Episcopus
1280 3387 1489 3461 Athanasius,
1522 3406 1615 3466 quem
1640 3386 1745 3466 Sergio
1774 3386 1903 3466 expulso
1931 3383 2109 3467 Neapolitae

685 3494 850 3555 Consulem
873 3511 903 3555 et
923 3499 1041 3557 Ducem
1061 3497 1258 3572 salutarunt,
1279 3521 1315 3560 eo
1336 3500 1459 3561 nomine
1481 3498 1615 3558 donatur
1640 3501 1673 3556 in
1694 3497 1821 3578 epistola
1841 3499 1972 3557 Romani
1996 3497 2109 3558 Ponti·
2179 3533 2186 3543 ·

688 3604 755 3666 ficis
778 3609 898 3672 loannis
919 3611 1005 3670 Vlll.
1026 3609 1110 3691 apud
1134 3611 1300 3693 Capacium
1329 3611 1439 3691 (Hist.
1468 3631 1557 3690 neap.
1587 3611 1610 3671 l.
1632 3615 1660 3671 I.
1689 3630 1724 3690 p.
1747 3625 1805 3668 122
1822 3610 1858 3690 ),
1889 3609 1943 3668 ubi
1972 3611 2111 3691 legitur:

685 3723 736 3780 Et
751 3723 831 3802 quia
851 3722 905 3781 illo
925 3722 1043 3784 adiecto
1060 3733 1217 3804 pastorem
1231 3735 1261 3784 et
1280 3726 1463 3804 episcopum
1478 3725 1663 3784 animarum
1679 3733 1854 3784 uestrarum
1869 3721 2019 3780 dilectum
2035 3741 2112 3781 con-

678 3832 819 3907 fratrem
839 3847 869 3896 et
886 3837 1076 3901 unanimem
1094 3839 1205 3916 filium
1225 3849 1366 3898 nastrum
1388 3837 1502 3898 tatem
1521 3837 1651 3898 iudicem
1673 3839 1832 3916 elegistis,
1853 3839 2038 3896 innrrmeras
2057 3857 2113 3896 ne-

682 3951 743 4002 stre
769 3944 939 4019 praeelectis
961 3955 990 4006 et
1009 3945 1205 4008 humanitati
1230 3949 1356 4026 gratias
1379 3952 1517 4024 aga'mus.
1546 3951 1623 4008 Item
1646 3946 1750 4008 Dedere
1771 3945 1942 4028 appellatus
1962 3944 2020 4006 fuit
2039 3949 2113 4006 Dux

682 4053 895 4134 neapolitanus
916 4060 948 4117 in
970 4058 1087 4119 loedere
1107 4061 1184 4120 inito
1205 4080 1274 4120 cum
1295 4059 1505 4120 beneventano
1522 4059 1665 4136 Principe
1691 4057 1816 4130 brechi,
1838 4053 1922 4135 quod
1943 4074 1960 4113 a
1982 4054 2113 4116 Pratillo

684 4165 769 4245 apud
791 4165 1012 4246 Pellegrinium
1035 4176 1144 4251 (Hist.
1164 4176 1267 4248 Lang.
1290 4181 1312 4230 t.
1339 4173 1410 4231 III.
1431 4191 1465 4248 p.
1490 4169 1545 4249 6.)
1566 4169 1699 4230 traditur
1721 4168 1900 4248 inscriptum
1922 4165 2034 4226 fuisse:
2059 4169 2112 4226 De

678 4284 775 4350 pacto
796 4273 934 4336 Areclria
953 4280 1104 4360 Principe
1125 4281 1298 4340 Beneventi
1317 4298 1393 4338 cum
1413 4277 1523 4338 Iudice
1543 4279 1846 4355 Neapolitanorum.

762 4385 853 4446 Hisce
875 4379 900 4450 ἓν
919 4385 1038 4472 παρόδῳ
1057 4390 1197 4452 delibatis
1221 4405 1322 4450 nostra
1343 4411 1427 4451 nunc
1442 4391 1572 4451 maxime
1593 4391 1718 4452 interest
1733 4389 1934 4469 dignoscere,
1957 4390 2110 4448 cuiusnam

680 4501 804 4558 loarrnis
826 4501 920 4560 Ducis
941 4503 1128 4562 mentionem
1158 4499 1268 4562 habeat
1297 4519 1435 4581 praesens
1456 4501 1657 4577 membrana,
1686 4521 1781 4581 quam
1811 4521 1892 4562 anno
1922 4501 1983 4580 932
2003 4518 2110 4558 exara-

682 4621 745 4670 tam
767 4605 997 4685 chronologicae
1017 4608 1114 4689 ipsius
1134 4622 1221 4668 notae
1243 4608 1416 4672 ostendunt.
1437 4612 1501 4670 lam
1515 4631 1588 4674 vero
1608 4611 1775 4672 eDucibus
1796 4609 2017 4692 neapolitanis,
2038 4609 2111 4688 qui-

683 4717 739 4778 bus
761 4719 891 4778 loannes
911 4736 1024 4777 nomeu
1045 4717 1103 4778 suit
1117 4762 1126 4794 ,
1156 4716 1216 4776 duo
1236 4719 1405 4781 vetustiores
1434 4723 1616 4800 imperarunt
1636 4740 1711 4779 unus
1741 4720 1859 4779 ineunte
1888 4716 2008 4779 saeculo
2029 4718 2107 4792 Vll,

684 4829 759 4890 alter
781 4830 835 4890 sub
855 4831 1031 4914 insequentis
1053 4834 1164 4894 saeculi
1186 4835 1268 4896 Vlll.
1289 4835 1453 4896 exordium.
1469 4833 1531 4894 Sed
1553 4832 1721 4893 absurdum
1742 4831 1869 4893 omnino
1893 4831 1970 4893 soret
1993 4833 2109 4913 opinari

687 4945 724 5001 ab
745 4942 855 5002 horum
870 4944 1013 5007 alterutro
1028 4946 1207 5030 diremptam
1222 4947 1316 5011 luisse
1331 4946 1592 5022 controversiam,
1612 4965 1706 5026 quam
1721 4946 1823 5007 innuit
1837 4946 2021 5006 membrana.
2038 4945 2112 5005 Ter·
