4616 6532
1322 600 1334 696 (
1362 603 1440 698 1⁶)

668 751 842 843 quisitione
866 761 922 822 aut
944 753 1089 824 molestia
1114 758 1179 824 tam
1204 775 1262 828 vos
1285 759 1344 852 qui
1367 779 1464 851 supra
1487 757 1643 852 stephano
1660 767 1693 830 et
1707 759 1801 832 leone
1825 759 1912 829 thios
1927 767 1960 828 et
1975 769 2102 852 nepote

669 901 834 972 quamque
858 881 971 950 vostris
994 880 1166 952 heredibus
1190 906 1248 976 per
1271 884 1398 954 nullum
1414 887 1550 957 modum
1566 888 1818 981 inperpetuum!
1837 885 1975 978 Insuper
1998 897 2030 957 et
2057 884 2103 954 ab

670 1007 760 1075 omni
783 1006 915 1078 homine
938 1007 1094 1100 omnique
1117 1031 1254 1102 persona
1276 1013 1367 1080 omni
1390 1019 1536 1106 tempore
1560 1035 1620 1083 nos
1650 1023 1683 1084 et
1705 1013 1838 1085 heredes
1862 1011 1981 1082 nostris
2004 1011 2103 1082 vobis

668 1132 847 1225 vestrisque
873 1131 1045 1204 heredibus
1070 1135 1188 1207 exinde
1212 1135 1246 1206 in
1270 1137 1421 1209 omnibus
1438 1147 1595 1210 antestare
1609 1147 1641 1210 et
1656 1140 1822 1210 defensare
1843 1147 1966 1230 aparte
1983 1139 2102 1206 militie

667 1259 888 1350 promittimus
911 1259 946 1330 in
970 1269 1183 1354 perpetuum:
1210 1287 1270 1357 pro
1294 1289 1334 1335 eo
1358 1267 1447 1360 quod
1471 1267 1652 1359 accepimus
1676 1291 1695 1335 a
1717 1265 1811 1336 vobis
1831 1265 1949 1337 exinde
1966 1265 2000 1334 in
2016 1288 2105 1359 pre-

667 1388 749 1456 senti
773 1389 808 1456 in
831 1409 928 1458 omne
953 1387 1115 1460 decisione
1138 1413 1194 1461 seu
1219 1389 1449 1462 deliberatione
1473 1391 1555 1464 idest
1579 1391 1650 1461 auri
1674 1391 1794 1462 solidos
1819 1389 1939 1460 nobem
1961 1389 2104 1483 bytian-

668 1522 737 1583 teos
752 1513 835 1582 sieut
859 1513 944 1585 inter
960 1514 1053 1584 nobis
1075 1515 1244 1587 convenit!
1264 1516 1354 1609 quod
1374 1517 1402 1586 si
1419 1515 1511 1586 aliter
1530 1515 1717 1608 provenerit
1732 1516 1773 1586 de
1788 1514 1849 1586 hec
1866 1536 1931 1607 que
1947 1513 2100 1605 superius

669 1641 799 1710 anobis
812 1641 904 1711 vobis
919 1645 1115 1714 venundatus
1129 1667 1188 1714 seu
1203 1645 1375 1737 promissas
1398 1645 1551 1737 leguntur
1575 1652 1630 1713 aut
1654 1643 1772 1737 quovis
1795 1650 1941 1734 tempore
1964 1663 2023 1710 nos
2040 1641 2095 1710 vel

668 1763 802 1836 heredes
825 1767 942 1836 nostris
966 1777 1076 1837 contra
1100 1767 1183 1837 hano
1207 1767 1387 1838 chartulam
1411 1766 1606 1840 venditionis
1637 1767 1678 1836 de
1712 1773 1908 1836 memoratas
1932 1763 2101 1856 portiones

667 1899 792 1959 nostras
817 1892 857 1963 de
879 1901 1062 1961 memorato
1084 1893 1185 1962 lundo
1208 1902 1241 1962 et
1265 1892 1416 1962 omnibus
1439 1892 1534 1962 terris
1558 1891 1772 1984 omnibusque
1796 1889 1842 1962 eis
1863 1889 2099 1983 pertinentibus

668 2027 705 2085 ut
729 2038 826 2108 super
848 2015 968 2108 legitur
992 2016 1103 2086 venire
1126 2019 1369 2088 temtaverimus
1393 2027 1425 2088 et
1448 2019 1483 2088 in
1507 2017 1630 2111 aliquid
1645 2014 1873 2087 offenderimus
1896 2037 1956 2107 per
1977 2015 2097 2108 quovis

667 2143 803 2212 modurn
827 2148 884 2208 aut
907 2139 1092 2210 summissas
1115 2161 1267 2233 personas
1282 2149 1360 2210 tunc
1377 2143 1507 2214 datura
1530 2163 1590 2211 nos
1606 2141 1804 2232 heredesque
1821 2148 1933 2209 nostro
1952 2139 2100 2232 promit-

666 2266 766 2337 timus
789 2289 849 2338 nos
864 2268 932 2362 qui
955 2289 1052 2360 supra
1076 2268 1236 2340 theodoro
1259 2269 1352 2340 miles
1375 2280 1408 2339 et
1431 2269 1519 2362 pitru
1534 2269 1621 2339 thios
1642 2276 1675 2337 et
1691 2275 1807 2359 nepote
1823 2265 1916 2336 vohis
1931 2265 1985 2335 cui
2001 2288 2100 2358 supra

666 2393 823 2486 stephano
846 2405 879 2467 et
908 2395 995 2466 leoni
1025 2395 1097 2466 thio
1120 2405 1153 2468 et
1177 2406 1294 2490 nepote
1321 2395 1560 2491 heredibusque
1591 2395 1705 2466 vestris
1739 2405 1811 2466 ante
1836 2397 2015 2486 ingressum
2031 2393 2101 2463 litis

665 2542 770 2616 poeno
801 2521 934 2592 nomine
967 2521 1039 2590 auri
1063 2521 1182 2593 solidos
1206 2523 1319 2594 decem
1343 2531 1375 2592 et
1399 2531 1473 2591 octo
1497 2521 1678 2614 hytianteos
1702 2527 1734 2591 et
1762 2528 1835 2612 post
1866 2518 1971 2589 soluta
1993 2539 2099 2612 poena

664 2655 793 2718 maneat
826 2669 956 2744 presens
994 2648 1140 2719 chartula
1171 2648 1366 2720 venditionis
1399 2660 1437 2719 ut
1469 2657 1567 2740 super
1602 2646 1721 2738 legitur
1757 2644 1792 2714 in
1825 2667 1883 2716 sua
1915 2643 2101 2738 plenissima

665 2775 816 2847 firmitate
840 2776 874 2844 in
898 2787 1091 2869 perpetuum
1120 2785 1152 2847 et
1175 2801 1235 2852 nos
1257 2779 1457 2874 heredesque
1481 2785 1608 2848 nostros
1634 2774 1745 2846 omnia
1767 2784 1946 2872 memorata
1969 2773 2004 2845 in
2019 2794 2102 2843 om-

665 2900 761 2970 nibus
785 2922 976 2974 conservare
1010 2903 1231 2996 promittimus
1266 2903 1302 2973 in
1333 2905 1557 2996 perpetuum!
1595 2924 1695 2996 quam
1729 2899 1908 2972 chartulam
1938 2909 1976 2972 ut
2004 2919 2102 2992 super

665 3025 828 3119 legitura
859 3028 953 3098 nohis
984 3029 1070 3098 lacto
1105 3029 1261 3122 stephano
1284 3027 1404 3121 scripta
1435 3027 1522 3098 lilius
1556 3027 1682 3100 domini
1717 3025 1860 3120 gregorii
1893 3025 2024 3094 curialis
2051 3024 2102 3118 (8)

665 3287 759 3367 (cap.
772 3286 834 3366 28)
850 3287 908 3346 sit:
926 3291 1032 3348 Acten
1052 3286 1194 3347 libertam
1205 3305 1325 3365 parram
1337 3285 1456 3362 abfuit,
1471 3288 1552 3368 quin
1564 3288 1645 3346 iusto
1663 3285 1724 3346 sita·
1743 3285 1949 3346 matrimonio
1963 3285 2099 3346 coniun-

661 3405 762 3474 geret,
784 3393 944 3455 sesmaria
962 3394 1174 3456 consularibus
1188 3396 1268 3459 viris
1281 3401 1340 3478 qur'
1360 3399 1445 3474 regio
1461 3415 1573 3473 genens
1592 3409 1694 3458 ortum
1711 3397 1904 3475 peierarent.

745 3508 790 3588 (8)
819 3509 956 3570 Cunbles
977 3507 1019 3569 ita
1037 3508 1158 3569 luerunt
1178 3510 1278 3568 vocati
1299 3529 1316 3568 a
1336 3509 1457 3577 Curtio,
1481 3506 1565 3588 apud
1586 3526 1662 3590 quas
1674 3506 1751 3567 olim
1765 3510 1799 3569 in
1814 3505 1935 3568 indiciis
1949 3521 2017 3570 acta
2030 3525 2101 3588 por-

665 3618 857 3696 scribebaut,
873 3642 952 3704 quae
971 3621 1079 3682 munia
1098 3621 1230 3703 sequiori
1246 3641 1321 3682 aevo
1334 3619 1415 3704 apud
1431 3639 1485 3680 uos
1499 3619 1640 3680 obierunt
1653 3620 1800 3681 actuarii.
1814 3620 1892 3681 Cum
1906 3641 1982 3684 vero
1992 3619 2101 3681 huius-

663 3732 749 3794 modi
768 3732 898 3796 ouriales
919 3733 1120 3796 conficiendis
1139 3756 1263 3818 quoque
1284 3741 1480 3816 privatorum
1495 3732 1703 3795 instrumentis
1716 3745 1879 3808 vacarent,
1901 3734 2097 3803 factumest,

662 3861 697 3906 ut
727 3845 785 3929 ipsi
806 3839 1038 3930 appellarentur
1057 3846 1145 3908 etiam
1165 3845 1365 3921 tabelliones,
1388 3859 1419 3906 et
1447 3847 1477 3906 iu
1503 3849 1707 3907 instrumentis
1726 3844 1909 3928 quandoque
1930 3858 2094 3924 utrumque

661 3975 776 4016 nomen
796 3969 997 4036 usurparent,
1025 3957 1070 4016 uti
1090 3953 1331 4018 animadversum
1352 3955 1410 4017 fuit
1430 3977 1447 4014 a
1467 3955 1499 4015 C.
1517 3957 1644 4016 Marinio
1664 3957 1695 4014 in
1719 3975 1960 4039 papyraceorum
1994 3953 2098 4036 diplo-

662 4076 780 4125 matum
799 4063 1050 4124 illustrationibus
1070 4065 1083 4147 (
1092 4085 1169 4143 puga
1189 4065 1251 4124 318
1265 4065 1287 4146 ).
1302 4065 1428 4147 Duplex
1442 4079 1544 4128 autem
1558 4066 1616 4129 hoo
1637 4086 1749 4128 munus
1759 4081 1875 4128 nostros
1893 4085 2016 4147 quoque
2033 4070 2099 4127 Cu·

663 4174 757 4234 reales
777 4171 945 4252 explevisse
967 4171 1041 4234 inde
1051 4171 1241 4235 luculentius
1251 4188 1357 4257 patet,
1376 4173 1462 4257 quod
1477 4173 1555 4236 latas
1567 4177 1600 4236 in
1615 4179 1703 4240 curiis
1716 4182 1897 4255 sententias,
1912 4196 1992 4259 quae
2006 4175 2097 4236 breve

663 4287 884 4364 recognitionis
910 4300 963 4346 aut
983 4287 1238 4347 memoratorium
1266 4288 1466 4359 dicebantur,
1501 4311 1553 4351 sua
1573 4291 1631 4372 ipsi
1654 4291 1870 4375 subscriptione
1903 4303 1983 4352 ratas
2009 4287 2097 4348 larie-

663 4400 756 4477 haut;
777 4400 860 4482 quod
881 4397 1015 4482 prolecto
1032 4398 1099 4463 fieri
1111 4404 1290 4485 neutiquam
1304 4403 1471 4486 potuisset,
1489 4403 1547 4464 nisi
1568 4404 1652 4487 apud
1667 4405 1811 4479 Curiam,
1826 4403 1911 4467 nude
1923 4402 1988 4464 lata
2002 4403 2098 4464 fuerat

661 4511 819 4589 sententia,
839 4512 1058 4573 aomanorum
1077 4532 1201 4575 munere
1222 4512 1425 4596 fungerentur.
1447 4518 1554 4598 ltaque
1575 4515 1703 4578 curiales
1723 4517 1816 4577 nostri
1836 4514 1933 4577 Curiis
1959 4515 2066 4577 assueti
2084 4557 2093 4587 ,

659 4623 713 4684 nbi
733 4643 924 4706 nequaquam
944 4624 1110 4686 secundum
1134 4645 1329 4686 romanorum
1361 4639 1414 4686 aut
1443 4625 1699 4710 langobardorum
1734 4628 1841 4709 leges,
1873 4627 1927 4689 sed
1962 4641 2097 4689 tantum-

659 4735 751 4796 modo
772 4735 938 4797 secundum
959 4736 1195 4798 Consuetudines
1214 4738 1259 4798 ius
1280 4735 1463 4813 dicebatur,
1487 4739 1570 4801 iuxta
1591 4739 1680 4800 hasce
1700 4741 1778 4822 ipsas
1799 4739 1964 4822 quodlibet
1983 4741 2096 4800 instru-

659 4859 831 4908 mentorum
851 4869 942 4930 genus
963 4849 1197 4910 conscribebant.
1213 4851 1373 4911 Praeterea
1387 4849 1509 4912 minime
1530 4872 1607 4933 opus
1626 4867 1690 4915 erat
1705 4867 1739 4913 ut
1751 4851 1847 4915 Iudex
1861 4852 1978 4916 adesset
1987 4898 1999 4930 ‚
2022 4851 2096 4912 dum

661 4957 717 5040 ipsi
738 4973 925 5022 contractum
949 4977 1116 5028 exararent.
1138 4963 1217 5027 Hinc
1237 4961 1374 5048 prolecto
1394 4964 1606 5052 discrepabant
1626 4967 1750 5032 caeteris
1771 4987 1788 5031 a
1814 4968 1960 5046 notariis,
1989 4967 2044 5050 qui
2068 4965 2098 5024 in

2275 3198 2284 3303 l

2273 3320 2284 3489 l
