4692 6512
891 924 1027 996 XXXV.

329 1174 361 1271 †
383 1179 426 1248 ln
449 1179 583 1250 nomine
601 1177 725 1250 domini
749 1178 803 1250 dei
825 1178 995 1250 salvatoris
1010 1177 1114 1250 nostri
1136 1176 1234 1252 ihesu
1249 1177 1363 1250 christi
1386 1177 1566 1272 imperante
1590 1180 1656 1251 do-
1725 1221 1779 1268 an,

232 1303 326 1373 mino
349 1313 461 1374 nostro
486 1306 697 1377 Constantino
720 1326 841 1398 magno
864 1308 1060 1398 immratore
1083 1327 1168 1376 anno
1203 1305 1369 1378 tricesimo
1392 1315 1510 1401 quarto
1543 1308 1599 1378 sed
1624 1313 1657 1378 et
1713 1322 1794 1389 941,

232 1451 370 1502 romano
394 1452 515 1524 magno
541 1431 736 1522 imperatore
757 1451 846 1500 enno
869 1428 1026 1502 vicesimo
1051 1429 1232 1525 primodie
1255 1430 1409 1504 vicesima
1425 1431 1520 1504 tertia
1537 1431 1658 1502 mensis

232 1555 418 1647 septembrii
441 1553 615 1624 indictione
639 1552 877 1647 quintadecima
910 1554 1075 1648 neapolim
1100 1555 1234 1628 Certum
1258 1565 1306 1628 est
1329 1579 1389 1628 nos
1411 1555 1587 1628 iohannem
1611 1556 1658 1624 fi-

231 1681 318 1750 lium
342 1681 477 1774 qrridem
499 1679 570 1774 lupi
593 1679 724 1752 asinarii
762 1705 827 1754 unu
863 1705 940 1754 cum
963 1705 1122 1756 consensu
1151 1685 1296 1779 gregorii
1319 1691 1352 1757 et
1386 1684 1473 1756 leoni
1497 1706 1556 1758 seu
1588 1694 1660 1754 ste-

231 1806 331 1899 phani
355 1808 430 1878 filiis
453 1807 559 1879 meis:
600 1834 619 1879 a
643 1811 784 1903 presenti
809 1809 863 1881 die
887 1811 1130 1903 promptissima
1154 1812 1321 1880 voluntate
1345 1811 1603 1880 venundedimus
1627 1819 1661 1879 at

232 1934 425 2005 tradidimus
447 1935 510 2006 tiri
532 1937 667 2006 domino
696 1937 832 2008 iohanni
866 1937 934 2008 lilio
968 1939 1102 2030 quidem
1126 1935 1251 2008 domini
1286 1935 1463 2006 theofilacti
1495 1935 1579 2008 idest
1602 1937 1661 2004 in-

232 2071 325 2153 tegra
349 2060 535 2130 domucella
558 2073 669 2132 nostra
692 2064 783 2155 quod
807 2072 856 2132 est
878 2063 1033 2134 inferiora
1068 2074 1101 2133 et
1123 2063 1292 2158 superiora
1326 2085 1423 2156 super
1459 2086 1494 2134 se
1517 2073 1550 2135 et
1587 2087 1664 2136 cum

235 2185 389 2257 alacribus
412 2196 446 2258 et
468 2186 650 2280 aspectibus
674 2209 841 2279 quumque
866 2209 943 2255 cum
966 2187 1141 2260 introitum
1162 2209 1259 2258 suum
1275 2209 1337 2279 per
1358 2189 1451 2280 regia
1468 2211 1607 2262 comune
1632 2201 1665 2263 et

233 2311 386 2382 omnibus
409 2310 472 2382 sivi
495 2309 733 2405 pertinentibus
756 2311 969 2382 constitutum
993 2321 1102 2382 autem
1130 2311 1217 2382 intus
1241 2334 1301 2383 ano
1324 2312 1491 2386 civitatem
1519 2317 1664 2409 neapolis

233 2440 271 2508 in
294 2439 369 2508 vico
384 2435 516 2531 publico
539 2436 598 2531 qui
614 2435 801 2507 nominatur
816 2435 984 2530 birginum
1001 2435 1147 2534 regionis
1163 2459 1290 2512 summa
1306 2439 1412 2530 platea
1435 2439 1484 2535 (1)
1499 2464 1508 2510 t
1528 2442 1568 2512 de
1583 2442 1665 2536 qui-

315 2737 360 2820 (ι)
383 2739 482 2799 Vicus
511 2738 565 2798 hic
595 2741 774 2818 Birginum
802 2739 869 2804 sive
891 2739 1064 2816 Vrrgr'num
1075 2780 1089 2810 ,
1116 2738 1173 2818 q'ui
1201 2733 1371 2800 hodiedum
1402 2747 1507 2799 nostru
1531 2739 1565 2798 in
1590 2740 1665 2802 urbe

233 2865 333 2923 extat,
352 2851 430 2912 inter
450 2870 500 2912 eas
521 2851 724 2914 recensendus
745 2867 804 2930 est,
819 2853 874 2933 qui
888 2851 1025 2934 plurima
1037 2865 1210 2932 temporum
1225 2863 1375 2914 vetustate
1395 2849 1663 2914 commendantur.

234 2967 303 3045 Ipse
323 2961 450 3044 quidem
469 2961 531 3024 fuit
550 2961 583 3021 in
603 2963 764 3038 suburbio,
787 2963 841 3044 qui
856 2961 1031 3040 Virga'rzum
1051 2961 1125 3021 item
1144 2957 1382 3040 appellabatur,
1405 2974 1436 3022 et
1460 2960 1547 3020 cuius
1567 2960 1665 3020 simul

235 3099 308 3140 cum
327 3078 397 3142 vico
416 3076 554 3136 meminit
572 3077 603 3138 S.
622 3075 791 3137 Sebastiam
821 3073 1034 3157 repertorium.
1064 3069 1132 3132 Etsi
1152 3091 1226 3134 vero
1246 3071 1367 3132 nullam
1385 3072 1478 3134 huius
1496 3072 1562 3137 rici
1582 3092 1664 3134 men-

236 3189 354 3250 tionem
377 3187 516 3249 habuerit
536 3186 691 3264 Tutinus,
714 3206 784 3248 cum
804 3187 947 3249 Summae
961 3183 1083 3246 Plateae
1095 3183 1281 3264 Regionem,
1304 3185 1431 3267 eiusque
1445 3185 1534 3248 vicos
1547 3183 1665 3250 descri-

237 3304 323 3362 beret
333 3345 343 3378 ,
363 3301 464 3381 ipsum
482 3313 585 3360 umen
605 3297 644 3358 ad
664 3298 830 3378 Regionern
849 3297 931 3357 hanc
951 3309 1099 3378 spectasse
1119 3315 1172 3356 nos
1192 3315 1331 3375 praesens
1352 3295 1460 3357 edocet
1477 3299 1661 3360 membrana.

236 3413 406 3477 Undenam
425 3431 500 3475 vero
520 3424 588 3472 tum
608 3411 696 3472 vicus
706 3441 724 3487 ,·
738 3423 806 3470 tum
828 3408 1011 3470 suburbium
1036 3425 1151 3468 nomen
1171 3405 1317 3483 duxerit,
1341 3421 1372 3468 et
1397 3407 1556 3490 quodnam
1576 3413 1665 3472 inco-

236 3528 339 3588 larum
359 3547 456 3607 genus
485 3524 651 3608 antiquiori
680 3538 777 3586 aetate
807 3521 981 3603 exceperit,
1011 3543 1028 3582 e
1049 3520 1242 3583 Martorellio
1274 3519 1388 3583 discere
1419 3522 1579 3603 proderit,
1609 3528 1667 3606 qui

239 3639 252 3720 (
271 3637 367 3700 Thea.
387 3637 506 3698 calama
527 3636 549 3698 l.
570 3633 615 3696 II.
629 3655 655 3694 c.
672 3633 731 3694 VI.
740 3654 776 3712 p.
790 3635 852 3694 IV.
861 3652 939 3711 pag.
954 3629 1043 3711 665)
1064 3631 1182 3713 inquit:
1205 3632 1339 3692 Utinam
1354 3629 1497 3694 diuinare
1517 3652 1665 3712 possem,

240 3771 341 3833 quam
361 3749 449 3812 urbis
470 3759 593 3809 nostrae
614 3737 774 3825 regionem
794 3743 991 3805 Eunosu'dae
1013 3746 1201 3825 occuparint
1212 3769 1227 3818 ,·
1252 3763 1367 3805 uenam
1395 3763 1434 3804 ne
1460 3764 1528 3806 rem
1546 3746 1666 3807 sr'lentro

235 3882 385 3945 premam
395 3905 405 3938 ,
427 3871 458 3921 et
475 3879 515 3920 ne
534 3870 563 3920 te
582 3857 715 3940 aliquid
731 3860 810 3918 seire
828 3858 908 3918 uelle
928 3859 1089 3918 eunocum
1109 3857 1294 3938 relinquam
1305 3901 1318 3928 ,
1337 3857 1475 3918 dicerem
1496 3861 1667 3940 oportuisse

241 3986 277 4034 ut
296 3971 489 4035 Eamostidae
510 3987 681 4050 earumque
699 3968 854 4043 fretriaci
871 3967 1038 4049 aliquanto
1058 3965 1186 4046 tungrim
1206 3965 1246 4026 ad
1267 3965 1343 4026 urbe
1361 3965 1467 4028 Iocum
1485 3965 1548 4028 sibi
1564 3967 1665 4048 elege—
1784 3989 1787 3996 ·

242 4086 322 4159 rint,
343 4093 380 4142 ut
398 4080 438 4142 ab
447 4076 650 4154 feminarum
663 4077 855 4159 frequentia
875 4087 907 4136 et
918 4075 1100 4158 petulantia
1119 4073 1181 4134 atti
1199 4087 1364 4156 caverent,
1386 4097 1487 4158 quare
1503 4081 1540 4138 in
1553 4078 1664 4162 aliquo

242 4204 418 4253 naevorum
435 4187 660 4250 suburbiorum
678 4207 731 4247 eos
749 4190 900 4246 sisterem.
918 4187 1001 4246 Cum
1020 4195 1129 4246 autem
1147 4188 1316 4267 antiquius
1328 4187 1515 4266 pomerium
1532 4188 1667 4272 unimus

241 4307 394 4384 antiquae
406 4301 588 4381 prosinu'us
608 4296 701 4358 naua
717 4295 813 4357 ustie
831 4296 874 4355 sit
892 4293 999 4374 illud,
1023 4295 1113 4378 quod
1130 4307 1220 4358 astru
1241 4301 1274 4358 S·
1294 4298 1447 4360 Ianuarii
1467 4307 1594 4379 portam
1621 4302 1670 4364 ad

242 4429 347 4479 uetera
360 4413 650 4496 ttuapotttanorum
668 4409 854 4472 admirandi
874 4411 977 4491 operis
995 4410 1140 4490 sepulcra
1153 4411 1310 4490 cucurrit,
1328 4410 1481 4492 inibique¹
1495 4413 1591 4473 etiam
1602 4431 1668 4474 non

245 4548 313 4589 una
332 4537 510 4606 temporum
529 4521 723 4604 aedtumque
743 4531 936 4582 muratarum
964 4519 1080 4582 rudera
1099 4523 1284 4584 intricantur
1296 4569 1306 4600 ,
1337 4522 1374 4584 r'd
1402 4541 1495 4582 omne
1521 4524 1665 4603 spatium

244 4659 319 4702 sane
331 4639 494 4720 inachum
510 4635 702 4702 Eunostidas
716 4633 872 4696 conticere
885 4634 972 4696 mitt
973 4635 1033 4713 sas
1044 4637 1094 4697 ait.
1101 4639 1273 4698 Praeterea
1284 4635 1316 4697 εἰ
1325 4653 1438 4697 oerum
1450 4644 1498 4696 eu
1507 4636 1665 4716 quasdam

246 4749 407 4828 inferioris
425 4748 498 4808 aeui
517 4747 643 4828 ignotae
671 4746 813 4806 Iocorum
837 4745 1092 4806 nomenclaturae
1121 4746 1294 4807 remotion's
1319 4745 1484 4806 uetustatis
1512 4744 1666 4824 reliquias

247 4883 327 4934 esse,
347 4879 414 4921 rem
432 4877 504 4920 vere
523 4877 575 4918 me
594 4867 774 4918 assecutum
790 4851 917 4935 gaudeo
922 4875 934 4923 ;
954 4855 1072 4915 atenim
1091 4851 1152 4914 Irae
1164 4851 1332 4932 arpasiocum
1343 4853 1452 4914 mutus
1469 4851 1584 4914 adhinc
1595 4873 1666 4916 sae-

246 4971 325 5034 culis
343 4972 515 5034 oscitanam
535 4985 601 5032 ease
620 4967 768 5034 nouimus
786 4965 886 5044 Borgo
905 4961 1107 5046 de’vergiai,
1131 4973 1228 5045 atque
1248 4981 1284 5024 ca
1303 4961 1433 5026 namins
1453 4960 1561 5026 adhue
1584 4965 1665 5026 cele·
