4658 6508
1307 597 1425 693 <tt
2316 511 2319 730 t

540 1035 590 1082 an.
749 1009 786 1078 In
810 1009 940 1081 nomine
965 1011 1088 1084 domini
1112 1015 1164 1084 dei
1188 1013 1356 1084 salvatoris
1380 1015 1480 1088 nostri
1504 1017 1600 1090 lhesu
1623 1016 1741 1093 Christi
1758 1022 1938 1116 lmperante
1955 1025 2087 1098 domino

522 1129 606 1201 933.
654 1147 764 1207 nostro
789 1139 998 1211 Constantino
1021 1165 1141 1236 magno
1165 1143 1361 1236 Imperatore
1386 1169 1471 1216 anno
1498 1146 1653 1218 vicesimo
1671 1149 1786 1242 quinto
1811 1161 1859 1223 set
1883 1163 1915 1223 et
1939 1154 2086 1224 Romano

652 1287 772 1356 magno
796 1267 993 1358 Imperatore
1018 1291 1104 1338 anno
1128 1269 1322 1341 duodecimo
1346 1274 1398 1344 die
1422 1273 1575 1344 vicesima
1599 1277 1711 1345 octaba
1731 1279 1848 1348 mensis
1864 1281 1971 1350 martii
1996 1283 2085 1354 indi-

652 1521 687 1590 in
712 1522 785 1590 loco
810 1521 868 1614 qui
891 1522 1077 1593 nominatur
1092 1523 1275 1595 claulanum
1300 1524 1362 1620 (1)
1380 1529 1410 1596 A
1434 1528 1573 1618 presenti
1594 1529 1646 1599 die
1663 1531 1899 1622 promptissima
1917 1531 2084 1603 voluntate

651 1643 854 1716 Venumdedi
879 1655 911 1715 et
937 1647 1052 1717 tradidi
1087 1645 1146 1716 tibi
1180 1657 1273 1742 petro
1298 1649 1515 1720 cintimulario
1539 1651 1607 1720 filio
1639 1653 1771 1743 quidem
1805 1653 1956 1724 theodori
1980 1655 2081 1724 cinti-

650 1769 792 1841 mularii:
820 1771 903 1841 ldest
926 1773 1051 1867 integra
1075 1773 1160 1866 petia
1185 1776 1225 1844 de
1249 1783 1334 1843 terra
1357 1797 1430 1845 mea
1458 1799 1523 1868 que
1546 1786 1683 1848 vocatur
1705 1801 1777 1847 cesa
1793 1779 1949 1850 maurosi.
1976 1781 2079 1872 posita

648 1895 733 1964 inter
750 1894 939 1968 halusanum
958 1897 1018 1992 (⁶2).
1040 1907 1073 1968 et
1089 1907 1268 1969 memorato
1284 1897 1357 1968 loeo
1375 1896 1566 1971 claulanum.
1587 1899 1659 1968 Una
1674 1923 1749 1969 cum
1773 1902 1942 1974 arvorihus
1962 1905 2083 1974 fructi-

646 2023 722 2094 feris
739 2025 792 2095 vel
809 2025 1016 2095 infructiferis
1039 2027 1135 2096 simul
1151 2049 1227 2096 cum
1243 2027 1376 2098 introito
1392 2051 1452 2099 suo
1470 2029 1685 2124 omnibusque
1701 2030 1762 2100 sivi
1779 2033 1970 2125 generaliter
1987 2035 2083 2125 perti·

647 2153 797 2222 nentibus
820 2175 885 2246 que
909 2177 989 2224 vero
1012 2153 1155 2247 predicta
1180 2152 1265 2247 petia
1291 2156 1330 2226 de
1363 2165 1449 2224 terra
1481 2154 1561 2224 mihi
1587 2154 1717 2226 ohbenit
1751 2180 1770 2222 a
1795 2153 2019 2228 theodonanda
2044 2169 2076 2227 et

647 2279 754 2372 sergio
778 2279 939 2372 germanis
963 2279 1020 2350 filii
1045 2281 1192 2372 stephani
1216 2282 1350 2373 quidam
1375 2281 1504 2352 tribuni.
1520 2305 1585 2350 una
1609 2303 1684 2352 cum
1708 2281 1785 2350 alias
1801 2290 1901 2351 terras
1916 2306 2005 2353 meas
2029 2285 2074 2354 ivi

647 2405 755 2498 ipsum
779 2408 814 2476 in
831 2416 1011 2477 memorato
1034 2409 1107 2478 loco
1131 2433 1190 2502 per
1213 2410 1374 2480 chartulas
1390 2411 1637 2504 comparationis
1661 2434 1759 2504 quam
1776 2411 1860 2503 apud
1877 2434 1929 2482 me
1945 2411 2072 2482 haheo:

646 2530 825 2601 Coherente
851 2529 912 2600 sivi
936 2532 1158 2624 prenominata
1182 2535 1267 2626 petia
1291 2535 1376 2628 petia
1398 2537 1438 2606 de
1461 2545 1547 2604 terra
1572 2559 1636 2629 que
1660 2534 1719 2603 tihi
1735 2536 1919 2606 venundedi
1944 2537 1983 2607 de
2008 2561 2073 2606 uno

646 2653 746 2727 latere
771 2667 854 2727 terra
882 2665 936 2727 tua
952 2623 1017 2749 que¹
1034 2667 1252 2750 comparatam
1276 2658 1376 2727 habes
1400 2684 1419 2727 a
1442 2659 1585 2729 Iohanne
1611 2680 1766 2750 germano
1781 2682 1855 2728 meo
1873 2683 1931 2752 per
1952 2659 2075 2729 firmis-

647 2782 726 2851 sima
742 2783 902 2853 chartulas
928 2781 1189 2877 comparationis.
1216 2793 1249 2853 et
1273 2784 1313 2853 de
1332 2783 1395 2851 alio
1420 2783 1519 2853 latere
1544 2782 1690 2852 similiter
1713 2791 1798 2851 terra
1823 2793 1879 2852 tua
1904 2807 1968 2876 que
1985 2805 2079 2852 com-

644 2919 790 3002 paratam
806 2909 925 2981 habent
949 2937 968 2980 a
983 2912 1113 2984 domina
1139 2911 1295 3003 eupraxia
1312 2909 1500 3003 guarenula.
1518 2911 1559 2980 de
1580 2933 1647 2979 uno
1668 2909 1770 3002 capite
1786 2919 1872 2980 terra
1887 2910 2076 2981 monasterii

644 3041 744 3108 sancti
770 3041 887 3112 andree
904 3063 969 3133 que
986 3041 1165 3133 appellatur
1173 3087 1425 3110 ...........
1435 3037 1608 3130 episcopio.
1632 3045 1665 3107 et
1689 3061 1730 3108 ex
1747 3037 1811 3106 alio
1832 3035 1929 3107 latere
1954 3045 2074 3106 terram

643 3189 726 3238 anne
750 3167 874 3238 medica
894 3169 933 3238 de
947 3167 1104 3236 halusano
1113 3213 1343 3236 ..........
1350 3189 1449 3258 quam
1457 3214 1635 3234 ........
1646 3164 1729 3234 inter
1753 3173 1945 3234 memoratas
1969 3161 2076 3231 cohe-

642 3297 761 3366 rentias
786 3296 939 3366 remansit
961 3295 1021 3364 hec
1038 3294 1072 3364 in
1089 3294 1191 3365 aliena
1208 3318 1343 3388 persona
1368 3293 1515 3369 commisi
1531 3303 1711 3388 potestate:
1739 3295 1786 3362 lta
1809 3305 1851 3365 ut
1871 3293 1913 3362 ha
1937 3301 2074 3363 nuncet

653 1391 760 1463 ctione
785 1403 874 1465 sexta
899 1391 1049 1489 neapoli:
1072 1399 1203 1468 Certum
1228 1409 1275 1468 est
1299 1421 1351 1467 me
1376 1401 1489 1470 trasari
1506 1401 1574 1472 filio
1604 1403 1737 1496 quidam
1758 1403 1904 1496 stephani
1924 1403 2086 1477 havitator

2322 2285 2323 2362 l

643 3425 792 3515 deinceps
808 3433 986 3494 memorata
1003 3423 1129 3517 integra
1145 3420 1230 3514 petia
1254 3424 1294 3494 de
1316 3433 1402 3494 terra
1417 3445 1490 3494 mea
1506 3446 1570 3517 que
1587 3421 1765 3515 appellatur
1782 3445 1847 3492 ceso
1863 3421 2019 3491 mourosi.
2034 3465 2069 3489 ..

718 3695 763 3780 (t)
789 3696 982 3759 elautanum
999 3700 1155 3778 praesentis
1175 3699 1362 3759 instrumenti
1377 3717 1452 3758 aevo
1473 3694 1571 3758 dictus
1586 3694 1643 3756 fuit
1658 3714 1772 3774 pagus,
1794 3696 1847 3775 qui
1868 3715 1951 3753 nunc
1972 3695 2073 3755 cuta-

627 3815 712 3892 jauo
729 3815 887 3876 vocitatur.
904 3813 968 3872 Sub
988 3811 1243 3892 andegavensium
1266 3831 1337 3870 vero
1357 3831 1391 3869 ac
1412 3809 1667 3892 dyrrachieusium
1692 3811 1806 3887 Regum
1831 3807 1989 3868 dominatu
2012 3829 2070 3866 au-

637 3928 737 3989 diebat
758 3930 960 4009 Playanum,
991 3927 1174 4006 Ployanum
1198 3940 1227 3987 et
1247 3927 1453 4006 Cltoyanum,
1474 3949 1511 3987 ex
1530 3944 1592 4006 quo
1612 3937 1758 4008 postremo
1778 3925 1898 3983 nomine
1917 3943 2072 3983 vernacu-

637 4043 699 4104 lam
720 4041 952 4123 appellationem
979 4041 1137 4116 Clu'ajano
1159 4059 1293 4098 manasse
1313 4057 1471 4120 perperam
1489 4037 1668 4122 existimavit
1688 4035 1828 4095 Claritius
1849 4033 1860 4115 (
1869 4055 1946 4114 pag.
1968 4031 2049 4116 167)
2059 4080 2068 4108 ‚

637 4175 708 4214 cum
729 4155 830 4234 potius
851 4151 1011 4211 dicendum
1039 4154 1076 4211 sit
1102 4173 1166 4210 eam
1192 4150 1367 4210 derivatam
1395 4171 1455 4211 esse
1486 4150 1692 4228 aPlayauo,
1719 4148 1763 4205 uti
1796 4149 1888 4208 etiam
1919 4145 2070 4224 aPIaya

637 4262 752 4323 dictam
773 4262 864 4322 fuisse
884 4259 1065 4320 hodiernam
1087 4274 1220 4320 nostram
1244 4260 1362 4339 Chiaja
1384 4257 1467 4341 apud
1488 4280 1589 4320 omnes
1609 4273 1739 4320 constat.

719 4375 764 4456 (2)
785 4374 990 4436 Balusanum
1003 4417 1012 4449 ,
1035 4377 1099 4436 sive
1119 4373 1338 4434 Batuisanum
1364 4394 1443 4433 unus
1469 4372 1598 4454 quidem
1625 4393 1641 4432 e
1673 4373 1879 4435 vetustissimis
1900 4369 2069 4452 neapolita-

636 4509 692 4548 nae
714 4489 794 4549 nrhis
823 4488 906 4570 pagis
933 4486 1000 4546 suit.
1016 4485 1095 4546 Cum
1116 4487 1244 4567 sequiori
1264 4501 1358 4546 aetate
1382 4507 1500 4547 eversus
1525 4485 1643 4562 fuisset,
1670 4487 1732 4545 eius
1759 4485 1873 4545 incolae
1892 4489 2071 4547 Muranum

635 4599 892 4678 commigrarunt,
913 4617 975 4677 qua
1001 4594 1187 4658 advenarum
1209 4599 1372 4658 accessione
1398 4596 1475 4656 alter
1499 4596 1548 4656 hic
1570 4599 1657 4658 vicus
1678 4597 1807 4678 amplior
1830 4615 1865 4655 ac
1887 4595 2071 4677 frequentior

635 4712 728 4771 evasit
737 4754 745 4784 ,
762 4727 796 4772 ut
810 4730 827 4768 a
842 4707 967 4771 Claritio
983 4722 1122 4770 notatum
1136 4707 1193 4766 fuit
1211 4710 1299 4791 (pag.
1311 4707 1369 4768 168
1379 4705 1400 4790 ).
1415 4707 1551 4768 Ecclesia
1566 4727 1637 4766 vero
1645 4751 1654 4782 ,
1671 4727 1749 4789 qnae
1764 4707 1796 4764 in
1811 4705 1989 4766 Balur'sanr'
2001 4724 2072 4785 agro

635 4839 699 4906 post
719 4825 842 4885 huiusce
863 4825 932 4906 pagi
952 4823 1101 4884 excidium
1117 4821 1238 4882 condita
1254 4821 1325 4898 fuit,
1342 4821 1444 4882 adhuc
1464 4836 1561 4896 extat,
1578 4835 1607 4881 et
1626 4841 1767 4881 annuum
1787 4820 1880 4900 ipsius
1895 4817 2002 4878 festum
2023 4821 2071 4878 in-

634 4953 753 5016 gentem
769 4937 963 5000 finitimorum
978 4937 1136 4998 hominurn
1150 4934 1348 5020 frequentiam
1364 4939 1488 4996 arcessit.
