4616 6532
1593 689 1674 748 nix

244 835 374 944 glacie
402 833 661 923 uberioribus
694 833 840 920 furtim
882 832 1130 919 humoribus
1170 832 1375 938 aluntur,
1417 835 1549 922 donec
1586 835 1671 919 leni

245 977 397 1064 deinde
440 979 678 1094 adspirante
705 979 892 1067 Favonio
918 975 1089 1064 floribus
1117 979 1460 1084 convestiantur,
1504 1009 1553 1064 ac
1596 977 1673 1064 de·

243 1151 368 1206 mum
396 1122 556 1208 fructus
585 1121 772 1209 afferant.
801 1121 896 1208 Non
917 1119 1099 1206 absimili
1127 1121 1288 1205 ratione
1315 1139 1528 1230 vegetatae
1548 1121 1670 1206 fuisse

245 1258 445 1347 videntur
460 1261 684 1348 bominum
699 1283 860 1348 mentes
874 1291 948 1374 per
964 1261 1205 1348 universum
1228 1259 1335 1345 illud
1351 1276 1534 1372 tempus,
1556 1261 1673 1374 quod

213 1404 403 1489 ‘sacculo
436 1407 504 1493 XI
543 1404 735 1518 praeivit.
768 1407 879 1492 Cum
907 1406 1097 1518 primum
1127 1403 1208 1489 boc
1235 1401 1418 1490 stadium
1449 1405 1562 1515 ipsae
1590 1403 1671 1489 Ca-

241 1548 321 1632 roli
342 1549 403 1634 M.
425 1577 529 1640 aevo
550 1548 742 1635 nondum
762 1577 951 1636 emensae
974 1548 1161 1652 fuissent,
1184 1565 1402 1662 propterea
1430 1565 1573 1659 sponte
1593 1572 1669 1630 sua

240 1721 317 1776 neo
347 1691 467 1779 flores
493 1695 651 1799 edere,
698 1723 775 1778 uec
816 1692 1051 1779 fructuosae
1085 1690 1261 1777 evadere
1303 1711 1404 1775 tunc
1432 1708 1663 1801 poterant,

239 1854 368 1945 prout
397 1836 510 1921 idem
538 1835 609 1920 ille
646 1834 904 1949 populorum
933 1831 1274 1943 diligentissimus
1315 1831 1548 1944 imperator
1595 1861 1667 1914 ex-

240 1979 429 2086 optabat.
448 1979 615 2065 Verum
637 1948 680 2061 et
699 1975 858 2090 aliquid
877 1974 1119 2059 huiusmodi
1146 1975 1378 2083 contingere
1405 1975 1572 2058 fortasse
1591 2003 1665 2086 po·

242 2121 412 2223 tuisset,
443 2118 569 2206 modo
597 2119 834 2231 Principes,
865 2119 940 2230 qui
967 2136 1059 2229 post
1086 2117 1289 2205 Carolum
1317 2119 1552 2232 bnperium
1588 2118 1665 2202 ob-

240 2266 469 2365 tinuerunt,
490 2264 579 2346 eius
606 2261 782 2371 vestigiis
809 2259 1033 2343 insistentes
1051 2258 1157 2342 nibil
1177 2258 1388 2370 antiquius
1409 2257 1663 2361 habuissent,

239 2434 370 2516 quam
398 2405 621 2488 bantinum
652 2401 995 2491 commoditatem
1027 2404 1429 2516 prosperitatemque
1465 2406 1665 2515 ingenua·

238 2577 334 2631 rum
356 2549 510 2632 artium
538 2549 656 2633 cultu
690 2565 917 2635 maturare.
940 2549 998 2632 At
1022 2551 1225 2660 quoniam
1263 2546 1437 2632 adverso
1476 2549 1663 2660 quodam

238 2693 494 2806 populorum
515 2691 599 2778 fato
618 2721 732 2776 secus
751 2693 924 2776 omnino
951 2722 1037 2776 sese
1066 2721 1131 2776 res
1158 2691 1305 2776 habuit
1317 2753 1330 2794 ,
1362 2690 1599 2777 factumest
1620 2714 1665 2777 ut

236 2836 343 2920 illud
372 2837 565 2923 culturae
592 2839 825 2950 specimen,
856 2836 971 2952 quod
992 2838 1161 2922 Carolus
1182 2833 1453 2922 excitandum
1474 2837 1661 2940 curavit,

236 3005 311 3061 suo
330 2997 502 3064 auctore
521 2981 726 3084 obeunte,
748 2983 887 3093 ipsum
906 2982 1076 3094 quoque
1104 2978 1296 3064 obiverit.

351 3124 406 3203 At
427 3121 494 3206 Xl
526 3118 701 3203 tandem
719 3121 885 3206 saeculo
906 3119 1121 3234 quoddam
1142 3119 1464 3230 veluti-tempus
1483 3147 1660 3206 vernum

237 3263 393 3346 cunctis
413 3261 649 3347 Occidentis
680 3263 919 3349 nationibus
948 3281 1144 3350 exortum
1175 3277 1266 3366 est,
1296 3291 1381 3375 quo
1410 3264 1563 3375 passim
1587 3262 1663 3347 ho-

236 3407 406 3490 minum
433 3407 595 3517 ingenia
624 3409 933 3522 propemodum
958 3407 1209 3493 efflorescere
1238 3410 1327 3494 visa
1355 3406 1542 3494 fuerunt.
1568 3407 1660 3494 Hac

234 3550 408 3660 quidem
438 3569 686 3664 tempestate
714 3583 812 3637 cum
843 3553 1019 3639 barbari
1047 3551 1231 3638 diversas
1262 3555 1454 3664 Europae
1482 3581 1576 3638 oras
1597 3569 1658 3636 tot

235 3693 396 3779 saecula
425 3697 513 3779 iam
543 3697 780 3799 tenuissent,
813 3697 978 3780 nullum
1006 3696 1148 3780 adhuc
1176 3697 1401 3782 discrimen
1431 3699 1540 3782 inter
1569 3727 1659 3799 eos,

235 3829 503 3951 devictosque
545 3837 720 3949 populos
762 3837 1075 3942 intercedebat,
1113 3867 1161 3920 ac
1198 3837 1470 3945 Wisigothi,
1512 3839 1664 3922 Franci

234 3998 275 4062 at
303 3977 572 4088 Langobardi
600 3997 817 4064 evaserant
844 3979 1050 4092 Hispani,
1081 3978 1195 4063 Galli
1223 3997 1348 4093 atque
1378 3977 1488 4064 Itali.
1521 3979 1661 4064 Mores

234 4147 282 4204 ac
312 4121 497 4206 instituta
528 4137 622 4204 tum
651 4149 841 4226 romana,
863 4149 972 4233 quae
991 4123 1157 4235 penitus
1180 4151 1232 4206 ex
1251 4106 1403 4207 animis
1431 4121 1562 4208 deleri
1582 4123 1663 4206 mi·

233 4263 348 4346 nime
377 4277 632 4373 potuerant,
652 4278 746 4346 tum
774 4262 1005 4366 barbarica,
1027 4265 1183 4377 quibus
1203 4264 1462 4377 iampridem
1482 4281 1570 4351 tota
1590 4265 1662 4352 ob-

231 4403 496 4516 temperabat
510 4404 699 4516 Europa,
718 4407 898 4492 invicem
914 4408 1140 4492 commixta
1162 4433 1291 4491 unam
1313 4435 1442 4520 prope
1462 4427 1658 4493 naturam

232 4547 458 4634 induerant
478 4579 491 4656 ;
520 4579 568 4634 ac
596 4553 736 4663 priora
754 4550 928 4665 quidem
948 4580 1047 4636 cum
1068 4551 1274 4636 Italorum
1291 4554 1536 4663 praesertim
1571 4553 1660 4636 ani-

232 4717 325 4773 mos
350 4689 429 4774 sibi
457 4689 847 4804 obsequentissimos
881 4711 1004 4779 nacta
1035 4710 1202 4796 essent,
1253 4691 1368 4806 apud
1395 4722 1463 4776 aas
1510 4695 1661 4778 maiori

232 4837 420 4950 quadam
450 4839 780 4926 adsurrexerunt
807 4837 1035 4944 alacritate,
1066 4857 1107 4923 et
1132 4841 1301 4947 signum
1330 4838 1465 4924 veluti
1497 4839 1659 4923 instau-

233 4977 391 5066 randae
410 4981 522 5066 vitae
541 4982 596 5067 ob
615 4983 755 5068 oculos
773 4981 962 5066 omnium
982 4980 1238 5066 extulerunt.
1261 4976 1373 5066 Cum
1397 4977 1512 5062 enim
1537 4981 1660 5064 Nort-

1412 5123 1433 5161 ἡ
