4616 6532
644 572 725 635 XVI

644 737 859 834 posterum
886 743 1050 804 servare
1080 743 1196 827 posse
1225 718 1381 804 frustra
1411 737 1510 804 sunt
1538 715 1744 805 arbitrati.
1779 716 1891 804 Nam
1921 743 2074 832 quam·

646 864 820 976 plurimi
850 861 920 945 alii
947 859 1256 973 Septentrionis
1277 860 1434 946 incolae
1454 890 1553 946 cum
1572 889 1666 944 suos
1685 864 1875 948 concives
1896 865 1938 947 in
1960 862 2074 947 lerti-

645 999 767 1087 liores
786 1009 912 1110 'agros
940 997 1187 1107 demigrasse
1216 999 1607 1086 animadvertissent
1619 1063 1632 1106 ,
1653 1001 1810 1088 horum
1831 1001 2074 1115 exemplum

646 1145 792 1232 sectati
819 1143 1003 1259 reliquas
1031 1142 1121 1228 illas
1148 1145 1441 1230 Romanorum
1470 1145 1735 1259 provincias,
1757 1176 1806 1230 ao
1826 1152 2072 1260 praesertim

645 1287 814 1375 Italiam
844 1289 1092 1404 petierunt,
1124 1307 1165 1373 et
1193 1288 1399 1402 quicquid
1428 1287 1671 1372 adhucdum
1713 1289 1869 1374 virium
1915 1290 2071 1375 ibidem

647 1449 894 1544 supererat,
944 1428 1125 1515 secundo
1173 1449 1307 1516 marte
1344 1428 1630 1542 profligarunt.
1661 1429 1742 1515 Hic
1772 1432 1935 1516 Romae
1968 1434 2074 1518 lato-

648 1601 745 1658 rum
776 1571 869 1656 finis
897 1571 1051 1676 extitit,
1083 1591 1208 1686 atque
1237 1571 1352 1658 hunc
1380 1575 1545 1658 exitum
1575 1574 1662 1688 ipsa
1692 1571 1813 1678 tulit',
1844 1590 1893 1656 ut
1923 1575 2074 1660 scilieet

649 1747 672 1801 e
701 1717 890 1802 maxima
919 1715 990 1801 illa
1020 1714 1288 1821 excelsitate,
1316 1741 1449 1830 quam
1477 1718 1733 1822 contigerat,
1763 1715 1985 1828 paullatim
2029 1721 2073 1802 in

647 1863 785 1946 imum
814 1858 1181 1973 pessumdaretur,
1212 1886 1261 1942 ao
1279 1858 1630 1946 luctuosissimum
1651 1889 1840 1974 perpessa
1860 1863 2073 1948 interitum

648 2001 927 2115 suimetipsius
970 2001 1219 2086 memoriam
1249 2001 1541 2088 tantummodo
1583 2004 1815 2117 posteritati
1857 2004 2069 2116 proderet.

647 2147 724 2232 Illa
752 2163 893 2230 autem
922 2175 1065 2231 rerum
1093 2141 1380 2233 humanarum
1410 2144 1575 2232 cultura
1604 2173 1653 2228 ao
1686 2143 1881 2257 expolitio
1897 2209 1910 2250 ,
1942 2175 2075 2258 quam

648 2289 798 2400 agresti
826 2289 926 2373 olim
957 2286 1082 2372 Latio
1110 2288 1287 2374 Graecia
1316 2305 1439 2400 capta
1467 2285 1699 2392 intulerat,
1744 2305 1972 2402 postquam
2011 2293 2077 2376 vi-

648 2427 910 2515 cissitudines
928 2431 1254 2544 omnes,quibus
1273 2429 1411 2515 Roma
1429 2427 1760 2533 conflictabatur,
1782 2449 1956 2543 experta
1977 2433 2073 2540 luit,

647 2575 738 2688 ipsa
765 2574 892 2659 simul
921 2600 1020 2660 cum
1051 2604 1100 2659 ea
1127 2601 1294 2686 prorsus
1321 2573 1509 2658 evanuit.
1540 2575 1653 2661 Cum
1682 2570 1797 2657 enim
1828 2574 1907 2658 toti
1941 2575 2075 2670 Euro-

647 2747 727 2828 pae
753 2716 1145 2830 septentrionalium
1183 2716 1474 2829 populorum,
1514 2716 1589 2827 qui
1635 2716 1680 2798 in
1721 2741 1888 2802 summa
1930 2747 2073 2806 rerum

647 2858 903 2970 ignoratione
950 2857 1261 2960 versabantur,
1312 2855 1486 2940 exitiosa
1534 2853 1733 2940 colluvies
1786 2857 2071 2966 incubuisset,

646 3001 983 3116 unumquodque
1009 3002 1165 3085 artium
1194 2998 1480 3084 liberaliorum
1518 3028 1567 3084 ac
1599 2998 1919 3114 disciplinarum
1946 3033 2074 3116 genus

647 3145 887 3232 incredibili
929 3144 1121 3258 squalore
1148 3141 1366 3234 foedatum
1394 3141 1614 3228 barbariae
1643 3143 1823 3232 tenebris
1858 3149 2074 3261 consepul-

649 3311 741 3376 tum
770 3289 865 3380 luit.

762 3431 844 3518 Sed
871 3433 1079 3546 quoniam
1107 3461 1161 3514 ex
1189 3431 1408 3516 universae
1435 3449 1610 3517 naturae
1637 3431 1785 3519 ordine
1811 3436 1928 3521 nullo
1948 3456 2071 3552 pacto

648 3577 862 3693 prohiberi
890 3593 1056 3688 potest,
1087 3579 1194 3688 quin
1221 3575 1435 3663 humanae
1463 3604 1548 3681 res,
1578 3594 1723 3689 utpote
1742 3600 1947 3692 perpetuo
1964 3611 2071 3694 quo·

648 3724 749 3809 dam
776 3723 877 3808 orbe
905 3724 1214 3823 circumactae,
1245 3737 1338 3833 post
1365 3721 1530 3806 obitum
1557 3719 1732 3805 alteram
1762 3725 1897 3808 vitam
1934 3728 2073 3839 auspi·

648 3887 818 3971 centur,
849 3865 895 3950 id
922 3893 1067 3976 reapse
1093 3881 1186 3976 post
1213 3891 1407 3948 eversum
1436 3861 1681 3949 Romanum
1709 3867 1945 3978 Imperium
1972 3895 2073 3952 con·-

647 4013 779 4122 tigisse
805 4038 883 4120 pro
911 4026 1019 4091 certo
1047 4033 1120 4090 nos
1147 4004 1368 4088 habemus.
1400 4003 1440 4086 Si
1475 4005 1662 4091 barbaris
1681 4007 1939 4112 nationibus,
1961 4037 2071 4122 quae

649 4147 822 4234 diversis
850 4149 1042 4258 Europae
1071 4143 1305 4254 regionibus
1334 4141 1610 4250 insederunt,
1654 4145 1861 4232 dominati
1899 4147 2073 4235 luissent

647 4297 884 4407 Principes,
930 4291 1005 4403 qui
1032 4287 1289 4375 Theodorici
1317 4285 1554 4374 Gothorum
1580 4290 1704 4402 Regis
1732 4295 1982 4408 sapientiam
2024 4323 2072 4379 ac

647 4437 1039 4550 magnanimitatem
1085 4431 1448 4546 praesetulisssnt,
1492 4433 1623 4522 altera
1664 4433 1767 4520 haec
1812 4435 2071 4550 populorum

646 4587 734 4671 vita
776 4581 948 4668 fortasse
976 4593 1239 4692 quantocyus
1276 4601 1361 4658 sese
1400 4577 1676 4680 exseruisset,
1723 4605 1799 4660 nec
1838 4577 2071 4670 admodum

646 4728 916 4841 discrepasset
943 4723 998 4808 ab
1027 4719 1255 4824 institutis,
1276 4743 1385 4832 quae
1413 4718 1596 4804 Romani
1625 4737 1744 4804 antea
1772 4719 2066 4828 sectabantur,

646 4899 696 4958 ac
723 4863 1011 4958 Theodoricus
1044 4858 1268 4952 instaurari
1309 4862 1496 4948 ituserat.
1543 4860 1715 4944 Saeculo
1749 4865 1863 4949 enim
1896 4866 1975 4954 Vl.
2007 4895 2072 4951 res
