4658 6508
1299 584 1312 682 (
1338 591 1380 658 ⁵2
1405 581 1418 681 l

655 746 740 818 filios
765 746 836 818 testi
859 746 1033 841 subscripsi
1052 744 1082 842 †
1090 790 1458 816 ................
1477 799 1480 806 «
1499 787 1818 815 ··············
1837 765 1912 816 uam
1934 747 2024 819 testis
2047 757 2080 820 et

656 870 718 942 alia
741 893 856 942 manus
863 913 2072 942 ...................................................

755 998 786 1091 †
808 1000 880 1090 Ego
902 996 1061 1066 iohannes
1083 997 1169 1068 lilius
1184 996 1309 1069 domini
1326 995 1396 1065 ursi
1403 1043 1677 1067 ............
1685 993 1834 1066 similiter
1848 999 1937 1067 testis
1943 1047 2073 1070 ......

752 1121 783 1216 †
805 1126 878 1216 Ego
900 1125 1034 1216 capulus
1057 1123 1142 1195 tilius
1158 1123 1284 1196 domini
1305 1122 1473 1194 Iohannis.
1513 1171 1810 1194 .............
1824 1121 1944 1194 iterum
1968 1127 2074 1196 testis.

753 1245 784 1340 †
807 1249 881 1340 Ego
904 1245 1063 1318 lohannes
1089 1246 1221 1316 curialis
1245 1257 1278 1316 et
1300 1245 1489 1316 scriniarius
1512 1255 1586 1339 post
1601 1244 1871 1338 subscriptionem
1895 1246 2028 1317 testium
2051 1258 2083 1318 et

657 1374 829 1446 memorati
854 1374 992 1444 anastasi
1015 1373 1182 1466 scriptoris
1206 1370 1359 1464 discipuli
1381 1370 1447 1442 mei
1469 1394 1569 1441 manu
1601 1393 1674 1441 mea
1706 1371 1840 1464 propria
1863 1373 2084 1464 percomplevi

659 1523 718 1594 per
742 1509 920 1573 memorata
944 1499 1038 1570 tertia
1061 1496 1284 1590 indictione†
1289 1545 1587 1568 .............
1596 1495 1657 1566 alia
1680 1517 1796 1564 manus
1803 1545 2077 1569 ............

754 1625 785 1720 †
808 1630 881 1720 Ego
904 1635 1015 1720 petrus
1038 1625 1214 1719 primarius
1233 1623 1331 1694 Curia
1353 1623 1452 1693 huius
1474 1623 1615 1694 civitatis
1637 1623 1781 1715 neapolis
1804 1622 1865 1693 hec
1888 1625 2085 1717 exemplario

659 1753 805 1824 chartule
829 1753 1007 1824 offertionis
1030 1775 1091 1845 pro
1115 1753 1185 1824 eius
1208 1753 1393 1823 authentica
1416 1751 1510 1823 nobis
1536 1751 1624 1823 dedit
1655 1753 1805 1821 dominus
1827 1751 1955 1821 roccius
1979 1777 2084 1825 vene·

657 1879 768 1950 rabilis
793 1877 889 1949 abbas
912 1881 1084 1950 memorati
1108 1881 1295 1951 monasterii
1319 1901 1379 1973 pro
1402 1878 1464 1948 ista
1487 1877 1684 1970 exemplaria
1702 1876 1885 1948 faciendum
1902 1878 1936 1946 in
1952 1899 2085 1949 memo-

657 2011 729 2073 rato
752 2025 813 2073 suo
836 2002 1032 2072 monasterio
1056 2001 1148 2073 sicud
1170 2003 1319 2095 superius
1341 2001 1462 2093 legitur
1492 2025 1535 2071 ex
1566 2001 1635 2094 ipsa
1663 1999 1847 2070 authentica
1875 2002 2017 2072 relevata
2052 2013 2085 2071 et

658 2151 734 2199 cum
757 2129 858 2198 nimia
882 2126 1006 2199 cautela
1030 2126 1070 2194 ad
1094 2123 1238 2217 singulas
1260 2123 1384 2196 relevas
1405 2147 1466 2216 pro
1490 2124 1681 2217 ampliorem
1705 2123 1776 2193 eius
1805 2123 1991 2195 firmitatem
2007 2151 2084 2197 ma-

657 2277 718 2326 nus
741 2254 889 2348 proprias
913 2251 1086 2343 subscripsi
1109 2251 1145 2318 in
1168 2249 1220 2319 die
1242 2251 1349 2342 prima
1371 2249 1491 2322 mensis
1514 2251 1624 2320 martii
1645 2250 1822 2322 indictione
1845 2253 2028 2324 undecima.

754 2379 784 2473 †
807 2383 880 2471 Ego
903 2378 1028 2470 sergius
1051 2375 1230 2446 tabularius
1247 2375 1345 2448 Gurie
1369 2378 1467 2447 huius
1491 2376 1632 2448 civitatis
1651 2379 1794 2470 neapolis
1810 2378 1871 2451 hec
1888 2382 2084 2473 exemplario

659 2505 804 2576 chartule
828 2503 1008 2574 offertionis
1031 2525 1091 2595 pro
1115 2503 1185 2574 eius
1216 2504 1400 2573 authentica
1424 2503 1516 2572 nobis
1540 2504 1629 2574 dedit
1652 2505 1803 2574 dominus
1830 2507 1957 2575 roocius
1979 2531 2085 2578 reue-

657 2633 767 2704 rabilis
791 2632 888 2701 abbas
910 2631 1082 2702 memorati
1106 2629 1294 2701 monasteiii
1317 2652 1378 2723 pro
1402 2627 1462 2698 ista
1485 2629 1683 2723 exemplaria
1702 2631 1885 2704 laciendum
1901 2633 1935 2702 in
1952 2655 2084 2705 memo·

657 2771 729 2832 rato
753 2783 813 2830 suo
837 2758 1033 2829 monasterio
1057 2757 1149 2828 sicud
1173 2757 1321 2851 superius
1344 2757 1465 2849 legitur
1495 2783 1538 2829 ex
1561 2758 1630 2852 ipsa
1662 2758 1846 2830 authentica
1875 2763 2016 2834 relevata
2052 2773 2083 2836 et

657 2909 734 2958 cum
757 2886 857 2957 nimia
881 2885 1005 2954 cautela
1029 2887 1069 2955 ad
1093 2883 1235 2976 singulas
1259 2884 1383 2955 relevas
1406 2907 1468 2977 pro
1491 2884 1683 2976 ampliorem
1703 2885 1773 2955 eius
1796 2888 1980 2960 firmitatem
2008 2913 2085 2961 ma-

655 3034 716 3082 nus
740 3011 887 3106 proprias
912 3009 1086 3102 subscripsi
1109 3008 1144 3078 in
1169 3009 1222 3079 die
1247 3010 1354 3100 prima
1377 3009 1499 3084 mentis
1518 3009 1629 3080 martii
1647 3011 1823 3086 indictione
1840 3016 2007 3086 undecima
2026 3019 2083 3114 (6).

665 3419 2080 3446 Μ

738 3584 783 3667 (6)
805 3587 867 3648 Ubi
889 3585 1054 3645 cavendum
1076 3600 1169 3659 esset,
1192 3583 1353 3666 quominus
1374 3584 1568 3644 instrumenta
1589 3588 1727 3667 temporis
1752 3588 1918 3664 edacitate,
1942 3606 1995 3651 aut
2017 3589 2085 3651 aliis

658 3699 749 3756 causis
784 3719 867 3757 exesa
899 3719 1015 3780 prorsus
1052 3711 1281 3772 evanescerent,
1314 3696 1517 3777 neapolitanae
1548 3699 1775 3760 Corrsuetudincs
1809 3701 1949 3760 iubebant
1980 3722 2096 3762 corum.

657 3809 859 3870 authenticum
890 3813 1064 3893 eserrrplum
1089 3809 1195 3871 confici
1216 3831 1232 3867 a
1252 3809 1398 3867 Primario
1422 3808 1512 3870 simul
1531 3831 1600 3870 curn
1617 3811 1780 3873 Tabulario
1792 3859 1801 3890 ,
1828 3812 2082 3893 quemadmodum

656 3942 722 4002 pag.
743 3925 781 3982 23
804 3923 902 3983 adnot.
932 3923 976 4006 (8)
1002 3928 1061 3984 iam
1088 3922 1329 3983 animaduersum
1361 3937 1413 3984 cst.
1443 3927 1638 3984 Instrumenta
1658 3923 1715 3983 hoo
1736 3939 1823 4005 paeto
1843 3939 1982 3984 renovata
2004 3926 2081 3984 dicta

656 4046 723 4090 stant
743 4033 947 4110 exemplata,
970 4034 1021 4093 vol
1041 4033 1186 4094 chartule
1207 4033 1423 4111 exemplasse,
1447 4034 1609 4094 cuiusmodi
1631 4035 1830 4114 appellatione
1850 4034 1976 4095 donatur
1996 4056 2083 4115 prae-

654 4165 716 4202 scus
737 4143 957 4202 documentum.

736 4254 928 4331 Formulam‚
952 4276 1010 4335 qua
1033 4275 1091 4314 sese
1111 4255 1175 4315 heic
1190 4257 1421 4316 instrumentum
1442 4258 1623 4337 exscripsisse
1639 4271 1784 4319 testantur
1799 4261 1959 4321 Primarius
1974 4281 2008 4319 ac
2023 4259 2082 4318 Ta·
2156 4325 2161 4337 ¹

656 4366 815 4442 bularius,
838 4367 941 4427 retulit
961 4369 1098 4429 Claritius
1120 4366 1225 4448 (pag.
1245 4369 1291 4428 38
1309 4367 1343 4449 ),
1369 4391 1385 4428 e
1406 4370 1568 4430 Muratorio
1593 4369 1801 4452 desumptam,
1833 4375 1866 4432 iis
1887 4388 1985 4433 tamen
2011 4395 2079 4432 cum

655 4477 818 4549 erroribus,
840 4499 913 4558 quos
934 4479 995 4558 ipsa
1017 4478 1174 4559 praesefert
1195 4478 1275 4560 apud
1296 4478 1434 4538 eumdem
1455 4482 1667 4558 himmerium,
1691 4486 1824 4563 quinon
1846 4485 2006 4545 formulam
2019 4500 2081 4544 tan-

655 4605 739 4662 tum,
761 4587 797 4648 de
818 4611 878 4671 qua
899 4594 1011 4668 agitur,
1034 4591 1084 4651 sed
1108 4607 1199 4652 totam
1218 4595 1375 4673 praesentis
1389 4595 1577 4654 membranae
1598 4593 1735 4656 aurianae
1756 4597 1869 4674 edidit,
1903 4601 1946 4657 uti
1967 4597 2079 4656 dictum

654 4717 698 4764 est
719 4723 785 4786 pag.
805 4721 873 4784 47,
902 4725 960 4762 non
981 4707 1082 4786 paucis
1103 4705 1225 4786 quidem
1250 4708 1371 4767 vocibus
1402 4730 1557 4790 perperam
1578 4709 1689 4784 lectiS,
1722 4725 1756 4768 ut
1783 4711 1868 4770 illico
1888 4711 2024 4792 patebit,
2058 4713 2080 4769 si

655 4834 752 4880 nostra
774 4820 847 4878 haec
869 4821 957 4900 ipsius
979 4823 1170 4882 membranae
1192 4823 1393 4905 interpretatio
1414 4845 1483 4882 cum
1504 4845 1538 4882 ea
1560 4823 1753 4900 conseratur,
1777 4847 1869 4906 quam
1891 4827 1942 4887 sibi
1964 4827 2081 4886 missurn

657 4931 909 5013 praeclarissimus
931 4933 984 4992 ille
1005 4950 1139 4994 veterum
1162 4952 1420 4996 monumentorum
1442 4935 1616 5018 explanator
1637 4937 1745 4996 attulit.
